2342 2844
1080 140 1248 172 ..6-

245 253 361 285 Laetus
388 263 425 284 ex
448 250 499 284 his
518 251 685 294 angustiis.
699 248 839 294 gradum
860 251 1004 294 profero.
1056 251 1118 283 Fac
1144 251 1215 283 fieri
1241 249 1504 303 P⁰¹¹¹E⁸EQPU³¹V
1518 255 1806 303 actor-‘accusaret
1825 255 1871 304 'et
1887 254 2130 305 -Pqufi..<i¹.c⁰¹¹2⁸“

198 321 299 365 ,ἕρ-[Ην.
350 312 587 348 Accedendum
626 312 668 346 ad
704 312 806 356 ipsam
845 312 1038 346 orationem.
1088 312 1370 355 Argumentorum
1397 310 1475 344 hinc
1501 310 1715 354 petendorum
1742 302 1815 355 ipsa
1833 312 1929 355 copia
1952 311 2032 346 facit
2056 314 2130 347 ino-

196 376 282 421 piam
298 402 306 416 ,
346 380 384 409 ut
411 374 485 420 ipsis
523 373 585 408 illis
621 371 748 414 verbis,
782 372 903 419 quibus
938 372 1090 418 ignobilis
1125 372 1240 418 aliquis
1267 370 1376 407 rhetor
1397 371 1526 417 ineptiis
1553 370 1641 406 hisce
1666 371 1844 417 praelusit:
1869 370 1929 405 οὐκ
1952 370 2130 416 ἄρξασθαί

196 447 251 477 μοι
287 433 383 467 δοκεῖ
411 435 543 477 ἄπορον
577 429 666 466 εἶναι
696 436 753 475 τῆς
780 434 1008 476 κατηγορίας,
1036 432 1123 466 ἀλλὰ
1151 434 1350 466 παύσασθαι
1377 431 1533 473 λέγοντι,
1557 431 1643 465 hanc
1668 431 1895 477 disputationis
1920 438 2047 478 partem
2073 444 2130 468 ex·

197 496 296 530 ordiri
335 497 443 540 possis.
497 495 562 528 Sed
597 505 702 540 quum
739 494 854 528 modus
879 494 993 528 harum
1021 495 1334 528 commentationum
1357 495 1524 538 legitimus
1549 493 1723 526 servandus
1749 494 1811 533 sit,
1836 494 2003 537 potissima
2029 495 2129 540 selegi

195 563 413 601 argumenta,
449 567 554 601 eaque
591 556 749 589 trifariam
784 555 951 600 dispertita
968 582 975 595 ,
1010 557 1115 601 prouti
1143 557 1281 601 scriptor
1303 555 1401 588 huius
1427 555 1580 588 orationis
1605 554 1686 587 mihi
1714 566 1822 599 neque
1850 565 1960 587 rerum
1985 555 2129 588 veritatis

196 623 228 650 et
263 618 470 662 proprietatis
500 618 659 650 rationem
695 616 844 650 habuisse
881 628 942 650 nec
974 617 1014 650 ad
1054 617 1204 650 historiae
1238 616 1336 649 fidem
1374 617 1534 661 scripsisse
1572 627 1680 661 neque
1716 615 1814 648 verba
1839 616 1972 660 linguae
1999 616 2128 661 legibus

195 679 386 711 sermonisve
420 690 532 711 norma
569 677 774 710 adstrinxisse
811 679 892 710 visus
932 684 989 711 est.

243 738 314 771 Hoc
337 737 473 782 quidem
497 738 652 772 lectorem
678 739 725 771 vel
748 737 854 771 obiter
877 739 1056 772 orationem
1083 739 1304 783 perlegentem
1326 739 1508 783 raptimque
1530 742 1776 782 percurrentem
1799 737 1902 771 latere
1921 749 1987 771 non
2001 744 2123 782 potest,

195 808 295 842 quam
325 809 440 843 parum
464 798 532 843 ipse
558 802 664 831 orator
690 798 835 839 noverit,
864 797 985 832 nedum
1017 799 1094 833 alios
1120 798 1283 839 docuerit,
1311 804 1422 849 utrum
1450 808 1553 832 unum
1579 795 1825 831 Eratosthenem
1852 808 1894 831 an
1922 798 2033 844 plures
2058 810 2126 851 reos

195 863 423 907 Pffiqqflsslur·
459 859 511 891 Nil
529 860 648 891 mirum
663 864 825 892 oratorem
845 860 878 891 in
897 860 1108 893 Eratosthene
1123 859 1305 893 accusando
1325 847 1434 892 oblata
1454 869 1547 891 usum
1565 869 1631 891 esse
1650 859 1818 892 occasione
1833 858 2009 892 invehendi
2024 871 2125 905 quam

194 919 351 950 acerrime
377 919 410 951 in
434 929 545 951 omnes
567 919 810 962 Trigintaviros,
836 920 900 951 imo
924 931 996 953 vero
1017 920 1136 964 cupide
1159 931 1254 952 usum
1275 931 1339 952 esse
1362 930 1567 963 congruum,
1590 930 1699 964 neque
1721 920 1754 951 in
1777 919 1824 952 his
1844 919 1986 953 substitit
2005 926 2123 961 noster;

193 977 249 1010 sed
281 979 560 1022 opportunitatem
587 985 701 1012 nactus
732 981 937 1013 Decemviros
962 981 1133 1021 suffectos,
1165 976 1197 1014 et
1225 980 1461 1013 Theramenem
1488 991 1599 1013 omnes
1622 981 1745 1025 pariter
1769 981 1945 1014 insectatus
1971 987 2036 1022 est,
2065 994 2125 1015 nec

195 1049 247 1070 eos
274 1040 332 1083 qui
356 1039 557 1072 Eratostheni
584 1041 618 1072 in
644 1040 765 1073 iudicio
792 1040 938 1080 aderant,
966 1047 998 1074 et
1023 1041 1178 1076 causidici
1205 1047 1236 1074 et
1260 1047 1377 1082 testes,
1404 1042 1472 1074 sine
1498 1041 1662 1074 calumnia
1689 1042 1875 1076 transmisit.
1927 1041 1991 1075 Sed
2014 1043 2048 1075 in
2076 1041 2125 1076 his

194 1109 260 1131 non
283 1099 387 1140 fecit,
415 1100 504 1144 quod
530 1112 646 1144 parum
674 1107 768 1133 caute
792 1102 824 1133 in
850 1095 1072 1145 Trigintaiiris
1092 1102 1243 1143 admisit,
1282 1114 1362 1147 quos
1386 1113 1443 1146 per
1469 1107 1569 1135 totam
1596 1103 1776 1135 orationem
1804 1114 1868 1135 non
1889 1104 1998 1136 minus
2023 1115 2124 1149 quam

194 1159 440 1197 Eratosthenem
465 1167 646 1204 praesentes
667 1161 775 1201 finxit,
801 1168 831 1194 et
855 1162 896 1194 ab
915 1174 980 1195 uno
1002 1175 1140 1204 exorsus,
1165 1176 1238 1196 mox
1261 1164 1299 1196 ad
1320 1164 1430 1207 plures
1449 1162 1608 1207 delapsus,
1628 1175 1736 1197 rursus
1753 1163 1793 1196 ad
1814 1175 1918 1197 unum
1937 1164 2126 1198 Eratosthe-

194 1231 270 1252 nem
295 1231 457 1264 regressus
480 1226 544 1260 est,
572 1221 659 1253 unde
685 1221 821 1254 ridicula
844 1228 917 1254 nata
938 1228 985 1255 est
1007 1234 1218 1257 numerorum
1246 1223 1404 1257 confusio.
1450 1222 1548 1265 Quod
1570 1222 1692 1272 indicio
1711 1229 1756 1256 est
1775 1225 1956 1258 orationem
1976 1236 2041 1258 non
2066 1225 2124 1259 ha-

194 1280 296 1313 bitam
324 1280 379 1313 sed
405 1292 423 1313 a
447 1279 579 1313 rhetore
605 1280 754 1320 ludente,
783 1281 858 1314 licta
885 1292 995 1322 causa,
1024 1285 1239 1328 conscriptam
1262 1295 1338 1332 esse.
1390 1284 1520 1327 Scripsit
1544 1272 1574 1327 §.
1604 1271 1635 1317 1.
1659 1284 1951 1328 Trigintavirorum
1976 1273 2122 1320 nondum

193 1328 358 1374 mentione
384 1341 492 1374 facta:
520 1342 661 1374 τοιαῦτα
687 1360 734 1366 —
761 1340 875 1378 αὐτοῖς
903 1341 1094 1384 εἴργασται,
1114 1350 1146 1377 et
1167 1347 1232 1377 τῶν
1254 1344 1453 1385 φευγόντων
1475 1344 1506 1387 5.
1521 1344 1554 1377 2.
1589 1342 1653 1377 Sed
1668 1345 1698 1388 §.
1714 1346 1747 1378 3.
1763 1344 1828 1384 ἐγὼ
1844 1346 2120 1389 -ἡνάγκασμαι

194 1401 258 1431 ὑπὸ
286 1403 355 1432 ῥτῶν
383 1399 617 1442 γεγενημένων
646 1412 765 1432 τουτου
792 1400 958 1447 (τουτουί)
987 1407 1201 1447 κατηγορεῖν,
1229 1403 1447 1437 Eratosthenis
1471 1404 1603 1437 nomine
1623 1415 1688 1437 non
1707 1404 1831 1439 addito.
1869 1407 1992 1440 Rursus
2014 1409 2044 1452 §.
2061 1409 2119 1442 22.

194 1463 239 1496 εί,-
266 1462 426 1493 τοσοῦτον
455 1462 517 1493 εἰσι
545 1459 666 1503 τόλμης
695 1459 897 1502 α’ᾳίγμένοι,
926 1462 1010 1494 ὥσθ’
1036 1466 1174 1505 ἠκουσιν
1203 1463 1512 1508 ἀπολογησόμενοι,
1541 1465 1609 1497 κτὲ.
1661 1464 1711 1498 Ad
1738 1465 1981 1501 Eratosthenem
2006 1469 2035 1513 §.
2062 1470 2119 1502 34.

192 1521 360 1562 θαυμάζω
383 1520 420 1552 δέ
443 1522 475 1552 τί
493 1523 540 1553 ἄν
560 1532 641 1553 ποτε
661 1524 816 1562 ποιησαι,-
831 1524 1014 1565 συνειπὼν,
1031 1526 1130 1559 ὁπότε
1150 1526 1324 1560 ἀντειπεῖν
1343 1528 1480 1567 φάσκων
1497 1524 1702 1564 ἀπέκτεινας
1719 1525 1959 1572 Πολέμαρχον·
1974 1528 2052 1573 φέρε
2067 1528 2121 1571 δὴ·

194 1581 226 1613 τί
243 1582 289 1614 ἂν
310 1583 339 1614 εἰ
359 1582 415 1613 καὶ
437 1580 578 1622 ἀδελφοὶ
598 1583 693 1619 ὄντες
715 1583 845 1626 ἐτύχετε
873 1583 975 1617 αὑτοῦ
997 1588 1016 1627 ἠ
1038 1588 1092 1618 καὶ
1117 1587 1216 1625 υἱεῖς;
1237 1587 1516 1629 &nemetum-⁹⁶,-
1540 1587 1627 1620 Haec
1649 1587 1690 1620 ad
1709 1587 1953 1633 Trigintaviros,
1975 1590 2018 1624 ad
2040 1603 2122 1636 quos

193 1643 222 1683 §.
247 1643 305 1675 35.
327 1643 385 1674 36.
406 1644 463 1675 37.
491 1642 554 1675 Sed
573 1644 603 1685 5.
625 1644 682 1675 38.
706 1643 743 1674 οὐ
764 1645 827 1684 γάρ
849 1642 888 1683 δὴ
911 1644 987 1677 οὐδε
1008 1649 1106 1678 τοῦτο
1121 1648 1212 1690 αὐτῷ
1227 1650 1383 1690 προσήκει
1398 1650 1549 1688 ποιῆσαι.
1575 1649 1606 1691 5.
1622 1649 1679 1681 39.
1695 1646 1845 1681 κελεύετε
1863 1650 1969 1683 αὐτὸν
1983 1651 2120 1683 α’ποδεῖ-

191 1702 246 1738 ξαι
270 1703 357 1734 ὅπου
384 1704 563 1739 τοσούτους
587 1705 657 1736 τῶν
680 1702 850 1743 πολεμίων
874 1704 1094 1740 ἀπέκτειναν.
1122 1711 1152 1752 5.
1181 1711 1237 1741 51.
1266 1711 1324 1742 52.
1357 1710 1407 1741 lta
1429 1709 1549 1739 τούτου
1572 1713 1845 1751 καταψηφιεῖσθε
1860 1713 1891 1755 5.
1908 1713 1954 1743 90
1967 1718 1998 1745 et
2012 1714 2044 1757 5.
2061 1714 2119 1747 92.

191 1762 254 1795 Sed
295 1764 425 1795 τούτων
458 1763 788 1804 ἀποψηφισαμένους
824 1765 853 1806 5.
891 1767 947 1798 91.
1000 1769 1094 1800 Plura
1129 1770 1297 1801 cumulare
1329 1781 1392 1801 non
1428 1780 1520 1812 opus,
1572 1769 1610 1800 Et
1640 1769 1754 1802 eadem
1793 1772 1917 1804 ratione
1943 1774 1976 1805 in
2001 1774 2031 1817 §.
2059 1774 2117 1806 62.

192 1954 268 1977 esse,
294 1955 381 1981 quum
406 1947 464 1981 ipse
491 1947 600 1973 tertium
619 1947 758 1974 decimum
777 1955 867 1983 ageret
885 1951 977 1977 aetatis
994 1960 1105 1977 annum.
1142 1952 1226 1987 Igitur
1247 1955 1342 1989 quinto
1359 1955 1471 1980 demum
1490 1965 1560 1982 anuo
1579 1963 1638 1993 post
1655 1958 1848 1993 Trigintaviros
1868 1959 1919 1987 hoc
1935 1962 2050 1988 crimine
2070 1972 2117 1989 ac-

188 1998 293 2018 cusatos
312 2001 369 2018 esse
390 1993 573 2019 statuendum.
612 1994 689 2029 Quod
708 1996 865 2024 absurdum.
903 1998 1025 2024 Alterum
1046 2009 1155 2034 quoque
1175 2001 1370 2029 dubitationem
1390 2009 1490 2029 movet.
1526 2004 1601 2030 Num
1615 2005 1691 2031 licuit
1710 2007 1817 2042 ephebo
1830 2027 1838 2039 ,
1855 2009 1944 2035 statim
1963 2015 2024 2045 post
2039 2010 2118 2035 δοκι-

188 2040 289 2069 μασίαν
315 2042 459 2066 accusatori
483 2041 564 2067 esse?
602 2040 686 2074 Puto,
715 2053 785 2069 anno
807 2044 918 2070 deinum
942 2046 1080 2071 vicesimo.
1118 2047 1173 2072 lloc
1199 2047 1256 2074 loco
1274 2051 1469 2077 examinandus
1485 2051 1560 2078 locus
1577 2053 1605 2077 in
1624 2052 1746 2079 (li-atione
1767 2055 1795 2080 in
1814 2054 2014 2089 Theocriuem,
2034 2066 2117 2092 quam

186 2086 311 2112 nonnulli
337 2088 408 2113 inter
433 2092 539 2114 veteres
563 2087 740 2116 Demostheni
763 2091 936 2125 tribuerunt,
965 2092 1010 2118 alii
1039 2092 1181 2120 Dinarcho.
1220 2095 1328 2130 Legitur
1354 2107 1381 2132 p.
1407 2098 1484 2124 1342.
1512 2099 1730 2137 Ἀριστοκράτης
1756 2100 1769 2125 ὁ
1797 2101 1950 2134 Σκελλίου,
1982 2105 2060 2133 θεῖος
2080 2104 2116 2130 ὧν

190 2134 374 2170 “Ε.τικράιονς
394 2150 428 2154 -
446 2135 536 2160 πολλὰ
554 2136 600 2160 καὶ
618 2137 688 2161 καλὰ
708 2137 927 2173 διαπραξάμενος
947 2140 1030 2175 ἔργα,
1052 2142 1219 2176 πολεμούσης
1238 2147 1284 2176 ιῆς
1302 2144 1402 2173 πόλεως
1411 2146 1650 2178 Λακεδαιμονίοις,
1663 2149 1840 2179 κατασκάψας
1858 2149 2116 2184 τῆν’ῙῙετιὼνειαν,

189 2181 228 2209 εἰς
247 2181 282 2214 ἢν
299 2182 364 2210 τοὺς
379 2182 622 2214 Λακεδαιμονίοις
641 2184 761 2216 ἤμελλον
779 2186 803 2210 οἱ
824 2187 888 2221 «περὶ
907 2187 1025 2221 Κριτίαν
1047 2188 1257 2222 ὑποδέχεσθαι,
1279 2191 1395 2216 καθεῖλε
1411 2192 1459 2222 μὲν
1476 2195 1509 2219 τὸ
1528 2195 1717 2228 ἐπιτείχισμα,
1739 2197 1880 2229 κατήγαγε
1899 2197 1931 2222 δὲ
1947 2198 1998 2224 τὸν
2016 2199 2115 2232 δῆμον.

188 2228 302 2252 Athenis
320 2237 403 2252 nemo
416 2247 423 2261 ‚
443 2234 520 2264 puto,
548 2231 613 2258 τοὺς
632 2231 697 2266 περὶ
714 2232 836 2266 Κριιιάν
855 2233 920 2258 alios
941 2233 1035 2259 habuit
1055 2243 1136 2269 quarn
1156 2236 1359 2270 Trigintaviros.
1396 2238 1464 2265 ilaec
1483 2247 1561 2273 vero,
1583 2240 1794 2276 Quadringentis
1809 2251 1901 2270 rerum
1918 2245 2031 2280 potitis,
2051 2246 2118 2274 saeta

185 2281 246 2300 sunt
270 2283 296 2300 v.
324 2275 412 2301 Thuc.
442 2275 516 2302 VIH.
535 2276 579 2303 92.
604 2278 653 2311 qui
675 2279 703 2304 in
718 2278 815 2305 harum
835 2289 926 2305 rerum
946 2281 1093 2306 narratione
1114 2291 1247 2317 nusquam
1266 2283 1365 2309 Critiae
1383 2287 1552 2311 mentionem
1569 2287 1641 2313 fecit.
1678 2288 1737 2314 Non
1758 2299 1829 2325 nego
1846 2289 1960 2318 critiam
1976 2292 2118 2330 Quadrin-

185 2323 276 2355 gentis
308 2322 424 2356 favisse3
454 2324 509 2349 imo
530 2324 602 2350 haud
632 2325 715 2352 dubie
742 2328 826 2360 savit,
855 2327 901 2352 sed
926 2337 979 2353 non
1003 2338 1114 2363 magnae
1140 2331 1198 2356 eius
1224 2331 1332 2357 suerunt
1356 2338 1444 2367 partes
1469 2335 1497 2359 in
1524 2334 1663 2369 republica
1687 2345 1719 2361 eo
1742 2337 1855 2371 quidem
1886 2343 2017 2374 tempore.
2053 2342 2116 2367 Au-

183 2369 300 2404 tiphonti
327 2370 527 2416 amicissimum
556 2371 639 2398 fuisse
669 2372 768 2399 Critiae
787 2379 890 2409 patrem
904 2393 911 2404 ‚
934 2373 1135 2402 Callaeschrum
1155 2376 1316 2412 intelligitur
1334 2388 1368 2404 ex
1386 2379 1456 2405 Plut.
1470 2386 1489 2405 t.
1506 2381 1541 2407 11.
1559 2391 1588 2417 p.
1603 2382 1667 2408 833.
1687 2383 1720 2409 A.
1748 2385 1857 2417 ἐγένετο
1871 2387 1925 2422 γὰρ
1943 2387 2116 2418 Ἀντιφῶντι

184 2417 345 2453 θυγάτριον,
369 2417 401 2443 οὑ
417 2417 612 2455 Κάλλαισχρος
629 2419 822 2448 ἐπεδικάσατο.
860 2421 895 2449 Et
911 2421 1112 2450 Callaeschrum
1129 2433 1191 2451 curn
1209 2424 1337 2453 Pisandro
1353 2427 1382 2453 in
1399 2426 1610 2463 Quadringentis
1625 2436 1746 2459 reeenset
1766 2429 1902 2463 Orationi·
1916 2433 1946 2460 in
1956 2434 2116 2465 nmo-th«-

183 2473 245 2489 nem
271 2465 384 2499 scriptor
410 2464 437 2498 §-
455 2464 499 2490 66.
527 2466 572 2490 cui
591 2465 640 2491 hae
661 2467 690 2492 in
709 2476 737 2493 re
759 2467 844 2494 fidem
863 2477 961 2504 negare
979 2469 1053 2495 nolo.
1084 2470 1138 2497 sed
1151 2490 1159 2504 ,
1177 2472 1249 2508 quod
1267 2472 1341 2507 dixi,
1357 2474 1382 2498 οἱ
1400 2475 1464 2511 περὶ
1484 2476 1605 2513 Κριτίαν
1622 2482 1684 2504 sunt
1703 2478 1889 2514 Trigintaviri-
1925 2480 1988 2509 Alia
2004 2490 2116 2519 quoque

184 2511 308 2537 notanda.
345 2512 454 2537 Murum
480 2512 560 2538 illum
579 2514 608 2538 in
625 2514 735 2541 Piraeeo
752 2521 823 2542 recte
841 2516 909 2542 dixit
931 2517 1103 2552 Thucydides
1118 2523 1208 2552 τεῖχος
1217 2529 1227 2547 ,·
1253 2520 1426 2554 ἐπιτείχισμα
1443 2532 1498 2548 non
1513 2523 1647 2550 dicendus
1663 2530 1713 2551 est.
1738 2525 1772 2551 Et
1790 2528 1969 2558 κατασκάψας
1986 2529 2116 2555 ’Πετεώ-

182 2566 254 2583 ιέιαν
280 2558 404 2594 ineptum
429 2563 479 2584 est.
516 2558 564 2584 Est
588 2560 664 2586 enirn
690 2561 763 2596 χηλὴ
791 2564 841 2589 τοῦ
869 2563 1009 2599 Πειραιῶς
1027 2565 1045 2598 ἡ
1065 2565 1235 2591 ’Πετιώνεια
1255 2568 1300 2592 καὶ
1317 2568 1383 2604 παρ’
1404 2570 1495 2604 αὐτὴν
1512 2571 1604 2601 εὐθὺς
1621 2571 1635 2597 ὁ
1654 2572 1767 2603 {mio-rc
1785 2575 1859 2601 coti,
1878 2576 1966 2603 Thuc.
1981 2576 2055 2604 vm.
2071 2577 2115 2604 90.

180 2604 265 2638 igitur
280 2605 404 2631 exscindi
422 2614 476 2632 non
494 2607 583 2640 potuit
601 2615 692 2643 neque
713 2610 801 2636 excisa
820 2615 869 2637 est.
908 2610 962 2637 Nec
987 2611 1037 2637 alia
1062 2612 1160 2639 desunt
1184 2621 1358 2649 argumenta,
1378 2616 1480 2652 quibus
1494 2617 1671 2646 demonstrari
1688 2627 1776 2656 potest
1794 2621 1863 2650 hanc
1881 2624 2028 2652 orationem
2045 2633 2112 2660 rpu-

178 2660 245 2677 nam
265 2660 334 2677 esse.
