2321 2844
1049 129 1219 162 —8—

215 243 248 288 ς.
273 242 334 277 98.
358 240 392 274 οἱ
416 238 509 275 <rem
532 239 631 283 ξένης
657 238 788 283 μικρῶν
810 237 858 271 ἂν
882 235 985 271 ἕνεκα
1010 235 1228 283 συμβολαίων
1251 233 1434 269 ἐδούλευον
1448 234 1570 280 ἐρημίᾳ
1584 236 1653 272 τῶν
1668 237 1977 282 ἐπικουρησόντων.
2001 239 2102 285 Apud

165 303 307 337 Graecos
330 301 515 343 debitores,
540 302 600 347 qui
621 299 775 335 solvendo
797 311 864 333 non
886 305 979 333 erant
992 323 1003 341 ,
1023 297 1242 333 creditoribus
1265 297 1414 333 addictos
1437 298 1536 333 fuisse
1557 298 1737 333 nemodum
1759 298 1933 334 inaudivit.

215 364 249 409 §-
275 364 333 398 99.
371 363 454 406 ὑπὲρ
475 362 546 396 τῶν
572 361 684 405 ἱερῶν,
703 361 727 394 ἃ
751 352 845 394 οὗτοι
873 361 917 394 τὰ
940 361 1005 402 μὲν
1030 357 1263 401 ἀπέδοντο,
1290 360 1332 393 τὰ
1361 357 1392 392 δ’
1415 360 1575 399 εῖσιόντες
1596 360 1765 402 ἐμίαινον.
1802 361 1890 395 Fana
1909 367 1942 395 et
1965 360 2103 398 delubra

164 423 342 458 vendidisse
357 423 590 469 Trigintaviros
612 423 685 469 quis
708 420 842 456 credere
867 421 992 468 possit?

213 487 244 529 ς.
271 486 305 519 4.
338 484 438 526 οὑμὸς
464 485 578 526 πατὴρ
605 481 764 525 Κέφαλος
790 481 935 526 ἐπείσθη
954 484 1016 526 μὲν
1035 483 1100 516 ὑπὸ
1123 480 1330 525 Περικλέους
1355 484 1402 520 εἷς
1429 484 1559 526 ταύτην
1591 484 1655 524 τὴν
1689 486 1754 524 γῆν
1782 482 1983 525 ἀφικέσθαι.
2032 486 2104 519 Hoc

165 557 280 588 parum
306 544 478 578 credibile.

214 606 247 650 §0
274 606 308 640 7.
345 602 464 643 ἔδοξεν
490 599 551 638 οὖν
579 602 696 642 αὐτοῖς
725 602 810 650 (τοῖς
841 601 1039 649 τριάκοντα)
1068 601 1152 636 δέκα
1173 600 1357 640 συλλαβεῖν
1384 602 1613 650 (μετοίκους),
1639 604 1768 638 τούτων
1792 602 1827 637 δὲ
1850 602 1910 637 δύο
1933 603 2097 647 πένητας.

165 666 297 698 Diversa
321 664 421 698 tradit
446 665 534 699 Xen.
559 665 642 698 Hist.
665 664 725 698 Gr.
749 665 794 697 11.
822 665 855 698 3.
881 665 940 698 21.
966 661 1060 701 ἔδοξε
1085 661 1235 700 δἀὐτοῖς
1259 680 1309 689 -
1328 664 1398 696 τῶν
1420 664 1585 705 μετοίκων
1609 663 1675 698 ἕνα
1699 663 1845 698 ἕκαστον
1869 663 2010 709 λαβεῖν,
2038 668 2098 698 καὶ

168 724 291 763 αὐτούς
317 726 379 767 μὲν
407 725 634 766 ἀποκτεῖναι,
662 725 704 757 τὰ
730 723 767 758 δὲ
792 726 946 768 χρήματα
970 722 1084 757 αὐτῶν
1106 722 1408 766 ἀποσημήνασθαι.
1434 724 1478 760 11.
1506 726 1542 758 3.
1571 725 1628 760 40.
1666 725 1813 770 Triginta
1841 726 1945 771 igitur
1965 726 2100 761 fuerunt

167 787 331 831 inquilini.

217 847 249 890 §.
277 847 337 878 42.
376 846 432 878 ἐπὶ
458 846 527 879 τῶν
553 846 780 889 τετρακοσίων
803 846 841 878 ἐν
865 847 912 888 τῷ
936 843 1154 888 στρατοπέδῳ
1175 844 1378 889 ὀλιγαρχίαν
1399 848 1567 884 καθιστάς
1594 846 1735 888 ἔφευγεν
1762 846 1798 885 ἐξ
1818 845 2099 890 Ἑλλησπόντου,

166 909 366 950 τριήραρχος
387 904 590 939 καταλιπὼν
617 909 681 947 τὴν
706 907 792 939 ναῦν
813 906 884 948 μετ’
911 904 1148 948 Ἰατροκλέους
1176 906 1235 938 καί
1254 904 1389 948 ἑτέρων,
1409 899 1458 939 ὧν
1485 908 1525 940 τὰ
1549 906 1703 950 ὀνόματα
1724 906 1825 941 οὐδὲν
1841 906 1960 950 δέομαι
1973 907 2099 949 λέγειν.

167 967 290 1000 Seditio
327 968 361 999 in
399 966 532 1005 castris,
570 978 636 1010 qua
668 967 871 1010 reipublicae
909 967 1013 998 forma
1052 965 1271 998 democratica
1302 977 1430 1006 eversa,
1456 968 1544 1001 facta
1570 973 1617 1000 est
1636 969 1671 1000 in
1698 969 1801 1001 insula
1827 969 1949 1009 Samo,
1973 981 2039 1002 non
2065 971 2100 1002 in

169 1028 390 1071 Hellesponto.
417 1026 522 1060 Thuc.
550 1027 646 1062 VIII.
676 1028 733 1060 47.
759 1025 826 1058 ἀπὸ
853 1026 947 1067 σφῶν
971 1024 1086 1058 αὐτῶν
1112 1026 1144 1057 οῖ
1169 1025 1206 1059 ἐν
1227 1029 1268 1067 τῇ
1289 1028 1400 1068 Σάμῳ
1423 1028 1617 1071 τριήραρχοί
1641 1038 1676 1060 τε
1706 1029 1775 1061 τῶν
1801 1027 2013 1071 Ἀθηναίων
2039 1031 2098 1062 καὶ

169 1088 201 1119 οἱ
224 1085 483 1128 δυνατώτατοι,
504 1086 659 1129 ὥρμηντο
687 1088 720 1124 ἐς
745 1087 782 1118 τὸ
808 1084 995 1118 καταλῦσαι
1022 1088 1084 1127 τὴν
1113 1085 1356 1129 δημοκρατίαν.
1383 1089 1439 1119 καὶ
1470 1088 1614 1130 ἐκινήθη
1636 1090 1799 1131 πρότερον
1828 1089 1876 1122 ἐν
1902 1091 1955 1131 τῷ
1975 1100 2097 1133 στρα-

170 1147 357 1190 τοπέδῳ,
394 1149 451 1179 καὶ
490 1149 522 1184 ἐς
563 1149 625 1188 τὴν
652 1145 755 1179 πόλιν
780 1146 942 1178 ἐντεῦθεν
968 1146 1118 1188 ὕστερον.
1171 1147 1278 1190 Igitur
1303 1152 1406 1180 castra
1431 1148 1555 1181 navalia
1581 1153 1673 1181 erant
1700 1149 1814 1187 Sami,
1840 1149 2099 1184 Strombichides

168 1210 285 1253 viginti
311 1214 455 1253 quatuor
476 1208 610 1241 navibus
631 1207 712 1241 Chio
734 1208 767 1239 in
793 1207 1040 1250 Hellespontum
1067 1208 1252 1251 navigavit,
1280 1219 1309 1240 v.
1336 1207 1442 1242 Thuc.
1470 1209 1561 1243 VIII.
1588 1210 1645 1242 62.
1673 1210 1733 1243 79.
1775 1209 1840 1242 Sed
1864 1211 1888 1243 si
1912 1211 1995 1244 forte
2021 1212 2101 1244 Era-

171 1268 335 1303 tosthenes
371 1279 493 1312 paucos
527 1269 642 1300 milites
682 1269 715 1300 in
751 1278 929 1310 paucorum
963 1268 1092 1310 imperii
1128 1267 1271 1299 studium
1306 1269 1483 1310 pertraxit,
1520 1268 1609 1313 quod
1632 1281 1749 1313 parum
1773 1270 1967 1314 probabile,
1995 1283 2100 1316 quum

167 1328 428 1362 Strombichides
464 1327 663 1372 oligarchiae
697 1339 762 1361 nou
795 1328 940 1366 faveret,
974 1339 1003 1360 ν.
1042 1327 1149 1370 Lysias
1180 1327 1214 1359 in
1245 1327 1437 1362 Nicomach.
1474 1330 1505 1371 §.
1538 1330 1612 1368 14.‚
1634 1328 1699 1362 dici
1721 1331 1834 1374 nequit
1857 1330 2047 1365 seditionem
2063 1333 2096 1364 iu

166 1390 278 1422 castris
304 1389 452 1422 movisse.
502 1387 674 1421 Caeterum
700 1388 867 1423 καθιστάς
892 1386 1032 1427 ἔφευγεν
1057 1387 1205 1419 vitiosum
1227 1392 1273 1419 est
1300 1398 1359 1430 pro
1386 1390 1596 1427 καταστήσας
1617 1388 1753 1429 ἔφυγεν.

218 1449 249 1491 §.
278 1450 335 1481 43.
376 1446 604 1489 δημοκρατίας
636 1447 686 1479 ἔτι
723 1448 841 1487 οὔσης,
867 1444 968 1478 πέντε
993 1444 1114 1487 ἄνδρες
1141 1446 1254 1488 ἔφοροι
1282 1446 1492 1488 κατέστησαν
1512 1448 1576 1480 ὑπὸ
1603 1449 1673 1481 τῶν
1697 1447 1915 1490 καλουμένων
1941 1451 2097 1493 ἑταίρων,

166 1511 374 1546 συναγωγεῖς
397 1509 460 1547 μὲν
486 1509 554 1539 τῶν
578 1506 742 1546 πολιτῶν,
768 1509 931 1548 ἄρχοντες
958 1504 993 1536 δὲ
1020 1507 1089 1538 τῶν
1113 1508 1329 1546 συνωμοτῶν,
1355 1506 1499 1539 ἐναντία
1523 1507 1559 1539 δὲ
1589 1510 1635 1549 τῷ
1661 1509 1808 1551 ὑμετέρῳ
1835 1508 1961 1551 πλήθει
1990 1515 2094 1553 πράτ-

170 1579 297 1604 τοντες·
325 1560 374 1600 ὧν
398 1567 652 1609 Ἐρατοσθένης
676 1568 735 1598 καί
761 1566 906 1607 Κριτίας
934 1563 1031 1605 ἦσαν.
1070 1567 1109 1599 In
1137 1565 1254 1599 horum
1282 1579 1418 1600 numero
1443 1568 1556 1601 Critias
1577 1581 1642 1601 esse
1669 1581 1733 1601 non
1758 1572 1872 1613 potuit.
1911 1573 1985 1604 Erat
2006 1574 2094 1605 enim

168 1629 269 1661 exsul.
297 1629 383 1661 Xen.
410 1628 495 1661 Hell.
522 1628 568 1660 II.
596 1630 631 1660 3.
660 1630 715 1660 15.
768 1626 916 1668 Κριτίας
955 1625 1018 1666 μὲν
1054 1628 1221 1668 προπετὴς
1254 1624 1294 1667 ἦν
1330 1628 1385 1659 ἐπὶ
1423 1629 1460 1659 τὸ
1496 1626 1642 1665 πολλούς
1680 1628 1903 1672 ἀποκτεῖναι,
1942 1632 2001 1664 ἅτε
2038 1634 2095 1664 καὶ

167 1690 288 1728 ᾳυγὼν
323 1689 389 1720 ὑπὸ
426 1692 484 1719 τοῦ
518 1686 637 1727 δήμου,
671 1688 689 1717 ό
720 1686 755 1718 δὲ
793 1686 992 1727 Θηραμένης
1019 1686 1220 1719 ἀντέκοπτε.
1246 1688 1291 1720 11.
1318 1689 1351 1719 3.
1381 1689 1438 1722 36.
1490 1688 1579 1721 Urbe
1603 1695 1713 1722 autem
1738 1703 1756 1723 a
1781 1691 2040 1725 Lacedaemoniis
2060 1694 2094 1725 in

166 1749 368 1782 deditionem
394 1753 530 1792 accepta
554 1747 676 1781 exsules
700 1746 834 1779 demum
860 1745 1040 1781 redierunt.
1066 1747 1150 1780 Xen.
1178 1747 1264 1781 Hell.
1286 1747 1330 1781 11.
1358 1749 1390 1782 2.
1414 1747 1472 1783 20.

214 1812 244 1853 §,
272 1811 331 1843 65.
367 1809 386 1839 ό
420 1810 483 1849 μὲν
522 1810 632 1849 πατὴρ
667 1806 768 1839 αὐτοῦ
799 1806 1035 1852 (Theramenis)
1067 1808 1132 1839 τῶν
1156 1806 1355 1850 προβούλων
1383 1808 1431 1840 ὠν
1460 1809 1554 1841 ταῦτ’
1580 1811 1769 1853 ἔπραττεν,
1797 1810 1898 1850 αὐτὸς
1924 1812 1960 1845 δέ
1986 1812 2097 1847 δοκῶν

165 1858 389 1906 ευνοϋστατος
416 1866 505 1900 εἶναι
528 1871 598 1904 τοῖς
620 1871 793 1909 πράγμασι
818 1869 1003 1908 στρατηγὸς
1029 1867 1086 1898 ὑπ’
1113 1867 1216 1899 αὑτοῦ
1241 1867 1362 1909 ᾑρέθη.
1395 1868 1602 1902 Theramenis
1628 1877 1719 1914 pater
1735 1873 1864 1916 Hagno,
1877 1873 2096 1907 democratiae

165 1929 339 1968 studiosus,
367 1934 404 1962 ut
425 1928 619 1971 intelligitur
642 1939 679 1960 ex
701 1928 819 1961 Critiae
844 1926 949 1959 verbis
973 1927 1006 1959 in
1028 1925 1264 1960 Theramenem
1289 1929 1372 1961 Xen.
1401 1930 1486 1962 fleu.
1513 1930 1558 1963 ΙΙ.
1582 1932 1617 1965 3.
1644 1932 1703 1965 30.
1728 1924 1824 1969 οὗτος
1843 1934 1907 1975 γὰρ
1934 1933 1970 1971 ἐξ
1993 1934 2095 1978 α’ρχῆς

165 1990 232 2029 μὲν
253 1990 440 2029 τιμώμενος
464 1986 533 2020 ὑπὸ
558 1990 616 2020 τοῦ
644 1986 762 2028 δήμου,
789 1989 876 2019 κατὰ
904 1988 963 2019 τόν
990 1985 1122 2029 πατέρα
1147 1986 1345 2026 (Ἅγνωνα,
1372 1989 1505 2023 Periclis
1526 1991 1560 2023 in
1585 1997 1734 2034 praetura
1756 1993 1894 2038 collega,
1920 1993 2026 2028 Thuc.
2047 1995 2092 2027 ll.

164 2051 221 2083 58.
247 2048 375 2082 dudum
402 2054 549 2081 mortuus
572 2053 652 2082 erat.
702 2046 892 2091 Amphipoli
917 2048 1003 2080 enim
1029 2059 1047 2080 a
1073 2047 1204 2080 Brasida
1233 2054 1351 2092 capta,
1392 2049 1651 2094 Amphipolitani
1681 2059 1893 2087 monumenta
1928 2055 2094 2100 Hagnonis

162 2110 339 2144 conditoris
363 2110 450 2144 urbis
476 2109 685 2143 disiecerunt.
712 2121 742 2143 v.
770 2108 876 2143 Thuc.
902 2109 943 2144 V.
968 2110 1023 2143 11.

212 2174 243 2215 §.
272 2173 331 2204 66.
371 2169 487 2210 ἐπειδὴ
525 2168 562 2202 δὲ
599 2167 816 2211 Πείσανδρον
849 2171 911 2210 μὲν
939 2170 995 2201 καὶ
1023 2168 1263 2213 Κάλλαισχρον
1287 2173 1342 2202 καὶ
1371 2170 1504 2213 ἑτέρους
1527 2174 1616 2215 ἑώρα
1640 2175 1847 2217 πραοτέρους
1874 2175 1976 2209 αὐτοῦ
2000 2190 2095 2216 γινο-

162 2232 299 2274 μένους.
353 2230 509 2265 Pisander
545 2235 655 2275 postea
696 2231 803 2264 minus
832 2230 965 2264 infestus
996 2230 1132 2275 imperio
1164 2231 1278 2276 populi
1312 2243 1411 2277 quam
1435 2231 1651 2268 Theramenes
1677 2235 1772 2269 fuisse
1797 2236 1946 2273 traditur.
1997 2238 2095 2282 Quod

160 2294 291 2327 salsum.
316 2304 345 2326 ν.
371 2292 479 2326 Thuc.
506 2292 599 2326 V111.
626 2292 684 2325 96.
736 2292 803 2324 Aut
827 2289 955 2327 ἄλλους
981 2296 1038 2323 aut
1063 2291 1142 2329 τούς
1167 2292 1299 2334 ἑτέρους
1325 2293 1533 2326 scribendum
1560 2300 1640 2329 erat.
1685 2296 1727 2330 Ut
1752 2302 1784 2330 et
1807 2302 1841 2346 ς.
1870 2299 1927 2334 42.

210 2356 242 2397 §0
269 2356 329 2386 73.
366 2354 521 2388 ἀναστὰς
548 2351 584 2383 δὲ
614 2350 814 2393 Θηραμένης
837 2349 1012 2383 ἐκέλευσεν
1034 2352 1121 2392 ὑμᾶς
1146 2355 1330 2394 τριάκοντα
1357 2352 1522 2395 ἀνδράσιν
1547 2356 1730 2397 ἐπιτρέψαι
1758 2360 1820 2397 τὴν
1841 2356 1955 2390 πόλιν.
2007 2358 2094 2392 The-

162 2426 308 2448 ramenes
331 2414 491 2446 acerrime
516 2412 596 2445 huic
624 2414 685 2456 ipsi
711 2413 847 2445 consilio
873 2412 1060 2444 adversatus
1086 2419 1145 2446 est.
1174 2425 1202 2446 v.
1231 2413 1363 2447 Diodor.
1391 2416 1456 2448 Sic.
1494 2416 1585 2450 XIV.
1612 2417 1647 2449 3.
1684 2418 1739 2449 cui
1767 2417 1830 2451 hac
1854 2420 1887 2451 in
1921 2431 1956 2452 re
1990 2421 2094 2453 maior

161 2475 240 2508 fides
261 2473 343 2507 mihi
366 2472 519 2506 habenda
545 2471 686 2505 videtur.
746 2471 808 2504 Sed
837 2471 878 2504 de
901 2470 1104 2505 Theramene
1125 2473 1187 2506 alio
1214 2474 1287 2506 loco
1313 2475 1504 2518 explicatius
1530 2475 1650 2509 dicam.
1698 2478 1835 2511 Interim
1860 2479 2109 2514 demonstrasse·

160 2539 273 2576 iuvat,
307 2535 417 2568 omnia
452 2545 539 2578 quae
574 2531 732 2566 hactenus
756 2532 870 2577 Lysiae
893 2531 935 2566 de
957 2532 1026 2566 eius
1051 2533 1196 2566 moribus
1221 2535 1354 2579 ingenio
1380 2535 1544 2582 rebusque
1570 2537 1665 2582 gestis
1688 2538 1955 2583 credideramus,
1982 2542 2092 2588 inepta

160 2607 228 2630 esse
251 2594 423 2629 mendacia
449 2599 481 2628 et
507 2594 620 2628 inanes
644 2593 836 2627 calumnias.
886 2593 982 2626 Nunc
1001 2604 1183 2627 sermonem
1208 2594 1383 2629 videamus.
