2289 2834
1039 132 1204 166 -10-

193 243 313 291 3214.
349 252 387 275 συ
414 237 477 275 οὖν
501 241 609 275 ταῦτα
631 241 799 285 πάσχοντί
826 251 881 283 μοι
908 241 1134 283 πρόθυμον
1159 238 1333 283 παρασχοῦ
1356 239 1420 280 τὴν
1443 237 1584 269 σεαυτοῦ
1613 234 1806 278 δύναμιν
1833 236 1879 274 εἰς
1906 237 1969 278 τὴν
1995 236 2078 279 ἐμὴν

146 305 330 347 σωτηρίαν.
357 302 376 336 o‘
402 301 433 335 δ’
457 300 621 346 ὑπέσχετο
647 302 783 334 ταῦτα
809 303 1021 343 ποιήσειν.
1073 300 1280 335 Adiectivum
1314 300 1500 350 πρόθυμος
1517 297 1557 331 de
1579 296 1720 346 horuine
1737 302 1826 330 recte
1850 295 1997 339 dicitur,
2023 298 2079 331 sed

1841 322 2001 347 ——a——Q-
2014 346 2021 347 ι

146 377 223 399 cum
249 363 396 405 δύναμιν
410 363 504 414 male
524 363 753 412 coniunctum.
780 363 891 394 ταῦτα
916 363 1068 402 ποιήσειν
1095 371 1154 405 pro
1184 361 1283 392 τοῦτο
1307 359 1470 393 adamasse
1494 342 1626 390 videtui·
1649 343 1755 390 noster
1781 357 1838 402 qui
1863 368 1961 402 supra
1983 357 2017 400 §.
2042 359 2076 392 9.

146 425 212 465 ἐγὼ
251 423 286 456 δὲ
324 410 484 456 Πείσωνα
508 423 572 463 μὲν
596 424 752 465 ἠρώτων,
779 423 809 453 εἰ
836 420 994 466 βούλοιτό
1020 434 1057 462 με
1084 421 1187 453 σῶσαι
1215 422 1370 464 χρήματα
1391 417 1524 473 λαβών·
1547 418 1567 450 ό
1588 416 1619 450 δ’
1645 417 1802 458 ἔφασκεν,
1824 419 1853 449 εἷ
1876 415 1987 450 πολλὰ
2012 418 2077 461 elq-

145 482 243 517 εἶπον
263 479 323 516 οὖν
348 485 401 515 ὄτι
429 482 603 515 τάλαντον
628 483 794 525 ἀργυρίου
817 482 951 524 ἕτοιμος
977 483 1050 525 εἴην
1078 481 1213 514 δοῦναι*
1237 482 1256 513 ό
1273 480 1305 512 δ’
1332 479 1522 522 ὡμολόγησε
1549 481 1684 511 ταῦτα
1720 480 1934 518 ποιήσειν.
1985 479 2078 521 Quae

145 546 352 589 negligenter
376 544 513 589 quidem
535 544 655 587 scripta
671 568 680 583 ,
715 543 771 576 sed
797 555 860 576 non
883 543 1078 587 corrigenda
1103 549 1190 576 sunt.

193 611 226 653 §.
257 607 313 639 14.
350 603 460 637 ἐδόκει
500 603 632 646 δἀὐτῷ
667 602 804 647 βέλτιον
842 600 932 636 εἶναι
966 604 1065 645 πρὸς
1103 601 1289 641 Θέογνιν
1312 602 1575 642 μνησθῆναι.
1626 598 1832 632 Desideratur
1855 600 1902 631 rei
1927 601 2074 641 mentio,

145 667 238 699 cuius
264 666 347 705 πρὸς
374 664 523 703 Θέογνιν
550 665 715 706 ἐμνήσθη.

192 729 226 772 ς.
256 727 311 758 16.
350 725 554 765 ἀφικόμενος
581 722 618 755 δὲ
647 725 693 760 εἰς
716 722 893 768 Ἀρχένεω
915 725 972 755 τοῦ
1001 721 1212 765 ναυκληρου,
1239 721 1369 754 ἐκεῖνον
1396 721 1516 763 πέμπω
1538 721 1586 758 εἰς
1612 721 1722 759 ἄστυ,
1759 722 1967 775 πευσόμενον
1993 720 2071 762 περί

144 788 202 818 τοῦ
240 783 401 827 ἀδελφοῦ.
443 785 549 825 ἥκων
587 782 622 816 δὲ
653 782 767 824 ἔλεγεν
798 783 851 816 ὅτι
890 781 1144 826 Ἐρατοσθένης
1181 781 1285 815 αὐτὸν
1319 783 1355 815 ἐν
1382 785 1424 825 τῇ
1449 779 1515 824 ὁδῷ
1543 779 1687 825 λαβὼν
1712 781 1758 818 εἰς
1784 780 1821 811 τὸ
1845 778 2072 823 δεσμωτήριον

143 846 329 885 ἀπαγάγοι.
365 845 454 885 ἥκων
493 856 559 877 non
582 844 752 890 intelligo3
786 842 903 889 λαβὼν
927 855 1040 889 parum
1063 849 1177 888 aptum
1203 841 1349 884 videtur3
1376 843 1495 876 rectius
1517 845 1551 888 ς.
1580 842 1638 876 30.
1666 842 1702 873 ἐν
1727 844 1768 884 τῇ
1793 838 1860 872 ὁδῶ
1885 838 2068 886 συλλαβὼν

143 907 334 947 ἀπήγαγεν.

190 966 223 1008 §.
254 968 309 1004 19.
347 967 393 1003 εἰς
420 967 636 1008 τοσαύτην
661 963 905 1007 ἀπληστίαν
934 965 991 997 καὶ
1019 963 1292 1009 αἰσχροκέρδειαν
1317 964 1495 1005 ἀφίκοντο.
1546 963 1670 998 Graece
1685 963 1823 997 dicitur:
1848 965 1894 1001 εἰς
1909 959 2070 996 τοσοῦτον

143 1025 344 1068 ἀπληστίας.

190 1091 223 1133 ς.
251 1088 309 1118 21.
345 1084 492 1123 πολλοὺς
505 1084 628 1122 ἀδίκως
640 1085 909 1122 ἀποκτείναντες
930 1085 1126 1125 ἀτάφους
1149 1086 1371 1128 ἐποίησαν,
1386 1083 1530 1123 πολλοὺς
1542 1082 1751 1126 δ’ἐπιτίμους
1765 1086 1868 1121 ὄντας
1882 1085 2067 1133 &Lu—2123

143 1144 420 1194 ‘'Ji-foffl'sswss
447 1145 669 1187 κατέστησαν.
720 1145 799 1177 Mire
818 1143 965 1177 dictum:
991 1145 1126 1186 ἄταφον
1147 1147 1258 1177 ποιεῖν
1280 1157 1361 1177 τινα
1385 1150 1417 1177 et
1441 1145 1565 1186 ἄτιμον
1590 1146 1648 1185 τῆς
1673 1141 1812 1182 πόλεως.

156 1189 225 1252 ὣς.
253 1207 313 1238 23.
351 1206 410 1236 τὸν
450 1204 597 1246 ἀδελφὸν
634 1208 696 1247 γάρ
736 1216 800 1245 μου
838 1204 961 1249 (ὥσπερ
995 1206 1051 1235 καὶ
1085 1206 1248 1247 πρότερον
1275 1201 1386 1249 εἶπον)
1414 1202 1667 1246 Ἐρατοσθένης
1692 1202 1908 1237 ἀπέκτεινεν.
1960 1204 2069 1239 Verba

141 1265 329 1309 parenthesi
355 1265 479 1298 inclusa
501 1265 621 1298 insulse
643 1263 750 1297 addita
767 1289 776 1304 ,
805 1275 912 1310 neque
936 1270 1045 1297 tamen
1071 1263 1207 1297 delenda
1231 1269 1317 1298 sunt.

188 1325 223 1366 §.
249 1327 308 1358 27.
348 1325 406 1357 καὶ
429 1327 496 1366 μὴν
524 1323 600 1357 οὐδὲ
629 1326 728 1356 τοῦτο
755 1324 842 1361 εἰκὸς
869 1323 961 1367 αὐτῷ
987 1325 1168 1365 πιστεύειν,
1194 1324 1286 1368 εἴπερ
1313 1322 1426 1368 ἀληθῆ
1450 1322 1540 1364 λε’γει
1563 1325 1699 1367 φάσκων
1726 1323 1901 1357 α’ντειπεῖν
1915 1325 1960 1363 ὥς
1975 1324 2067 1368 αὐτῷ

143 1388 320 1429 εἰ-(ιχθη.
349 1385 388 1416 οὐ
414 1387 478 1427 γὰρ
506 1384 615 1426 δήπου
641 1384 679 1417 ἐν
701 1388 771 1422 τοῖς
797 1386 965 1426 μετοίκοις
997 1386 1145 1417 πίστιν
1176 1385 1268 1427 παρ’
1309 1385 1434 1417 αὐτοῦ
1465 1382 1727 1427 ἐλάμβανον.
1752 1384 1871 1417 ἔπειτα
1896 1387 1943 1428 τῷ
1965 1379 2068 1426 ἧσσον

142 1446 231 1481 εἰκὸς
265 1442 309 1485 ἦν
346 1447 605 1489 προςταχθῆναι
639 1447 661 1485 ἤ
693 1445 783 1482 ὅστις
810 1444 984 1477 οἷντειπών
1010 1456 1045 1476 τε
1069 1444 1254 1489 ἐτύγχανεν
1280 1444 1337 1475 καὶ
1363 1445 1538 1486 γνώμην
1571 1441 1969 1487 οἷποδεδειγμένοςς
2004 1447 2068 1480 Pro

141 1507 272 1548 ἐτάχθη
296 1506 466 1548 corrigunt
492 1507 720 1547 προσετάχθη.
771 1505 947 1548 Sequentia
970 1505 1086 1537 πίστιν
1113 1504 1194 1546 παρ’
1220 1503 1323 1536 αὐτοῦ
1351 1503 1545 1548 ἐλάμβανον
1573 1508 1638 1537 non
1660 1505 1828 1550 intelligo,
1869 1517 1929 1539 nec
1960 1508 2064 1539 corri-

140 1565 250 1608 gendo
274 1567 452 1610 quicquam
477 1564 678 1607 proficimus.
730 1565 851 1597 Ultima
877 1565 1017 1606 γνώμην
1042 1562 1325 1606 ἀποδεδειγμένος
1349 1570 1406 1602 aut
1431 1565 1610 1599 omittenda
1622 1571 1679 1599 aut
1693 1565 1858 1600 ἐναντίαν
1875 1565 2064 1600 addendum

139 1627 264 1659 fuisset.

186 1689 220 1731 §.
248 1687 306 1719 29.
346 1685 375 1717 εἷ
400 1685 463 1726 μὲν
493 1688 557 1727 γάρ
581 1697 632 1722 τις
660 1682 701 1726 ἦν
727 1685 762 1718 ἐν
784 1689 826 1728 τῇ
853 1684 950 1718 πόλει
975 1685 1084 1729 ἁρχὴ
1113 1685 1372 1729 ἰσχυροτέρα
1399 1685 1526 1727 αὐτῆς,
1552 1684 1609 1726 ὑφ’
1637 1679 1674 1726 ἧς
1702 1686 1793 1729 αὐτῷ
1821 1690 2067 1730 προσετάττετο

138 1747 231 1788 παρὰ
258 1746 296 1777 τὸ
323 1743 459 1778 δίκαιον
488 1745 696 1787 ἀνθρώπους
719 1744 985 1780 ἀπολλύναι.
1036 1746 1151 1781 Verbis
1171 1746 1256 1790 οἷρχὴ
1286 1745 1484 1790 ἰσχυροτέρα
1507 1747 1646 1779 alienam
1674 1746 1789 1780 tribuit
1814 1748 1899 1781 vim:
1924 1750 2066 1795 magie-

139 1812 263 1839 tratue
286 1807 424 1839 maiore
448 1807 614 1850 imperio.
665 1806 756 1848 Quid
780 1807 906 1840 Graece
933 1807 982 1841 his
1006 1807 1108 1840 verbis
1133 1807 1274 1847 dicatur,
1298 1813 1387 1851 patet
1412 1819 1449 1840 ex
1475 1807 1618 1840 dictione
1641 1808 1781 1851 ἰσχυρῶς
1806 1809 1937 1852 ἄρχειν.
1980 1809 2064 1842 Male

138 1867 263 1900 dictum
287 1872 333 1899 est
358 1866 568 1907 ἀνθρώπους
591 1865 783 1898 ἀπολλύναι
798 1892 807 1906 ,
835 1868 895 1899 nisi
919 1869 1102 1911 oppositum
1129 1866 1249 1905 σώζειν
1277 1873 1314 1900 ut
1335 1870 1379 1913 §.
1394 1869 1453 1900 31.

186 1932 219 1973 ς.
247 1927 305 1958 30.
340 1927 395 1956 σώ
409 1925 494 1962 ζων
520 1926 626 1957 αὑτὸν
649 1926 709 1956 καί
732 1928 774 1957 τὰ
795 1928 929 1963 τούτοις
954 1925 1180 1968 ἐψηφισμένα.
1206 1927 1303 1959 Mirus
1327 1927 1415 1960 verbi
1429 1927 1549 1965 σώζειν
1565 1939 1640 1961 usus
1654 1952 1663 1968 ,
1689 1929 1781 1961 cuius
1796 1929 1859 1961 vim
1874 1940 1938 1963 non
1953 1931 2062 1975 capio.

184 1985 217 2026 §.
247 1987 306 2018 32.
344 1988 427 2027 χρῆν
453 1983 491 2016 δέ
519 1996 552 2016 σε
569 2010 579 2024 ,
603 1980 629 2016 ὧ
657 1985 905 2025 Ἐρατόσθενες
921 2010 931 2025 ,
966 1987 1057 2028 εἴπερ
1080 1984 1172 2026 ἦσθα
1196 1988 1332 2029 χρηστὸς
1362 1990 1431 2021 κτὲ.
1482 1990 1519 2021 In
1545 1990 1679 2033 singulis
1701 1990 1895 2024 criminibus
1919 1991 2065 2023 inculcat

136 2045 247 2079 rhetor
279 2045 361 2090 quid
401 2044 607 2079 Eratostheni
641 2052 673 2079 et
711 2046 936 2091 Trigintaviris
961 2047 1147 2080 faciendum
1172 2048 1304 2088 fuisset,
1331 2049 1356 2080 si
1383 2049 1470 2091 frugi
1484 2048 1629 2082 homines
1654 2057 1778 2090 essent,
1803 2057 1839 2083 ut
1863 2052 1896 2093 §.
1922 2052 1977 2084 47.
2005 2053 2064 2085 48.

136 2106 229 2148 εἴπερ
256 2102 299 2146 ἦν
326 2104 413 2148 ἁνὴρ
440 2104 586 2146 α’γαθὸς,
610 2105 710 2150 ἐχρῆν
735 2107 782 2140 ἂν
808 2107 879 2141 κτέ.
909 2106 1003 2150 Quae
1025 2107 1174 2141 omnibus
1196 2108 1455 2154 *wanilo-quentiae
1482 2110 1622 2144 numeris
1647 2109 1793 2144 absoluta
1819 2117 1906 2144 sunt.

182 2167 217 2208 §.
244 2168 303 2199 33.
342 2165 381 2197 οὐ
407 2167 471 2209 γὰρ
498 2168 606 2208 μόνον
631 2169 712 2209 ἡμῖν
735 2169 894 2209 παρεῖναι
917 2166 977 2199 οὐκ
1001 2165 1081 2208 ἐξῆν
1112 2166 1413 2213 (Trigintavirorum
1440 2168 1648 2216 facinoribus)
1674 2168 1840 2204 ἀλλὀὐδὲ
1852 2172 2064 2215 παράὑτοῖς

134 2224 235 2260 εἶναι.
286 2227 373 2260 Num
398 2226 461 2260 hoc
489 2232 558 2260 est:
581 2226 672 2261 domi
700 2233 732 2261 et
758 2228 791 2260 in
821 2228 924 2272 patria
951 2228 1046 2262 esse?
1085 2228 1252 2274 Nusquam
1277 2228 1354 2262 alibi
1382 2228 1443 2263 hoc
1468 2229 1605 2275 quidem
1630 2241 1723 2266 sensu
1750 2230 1876 2266 dietum
1903 2233 2038 2268 offendi.

179 2291 212 2332 ᾗ.
241 2289 299 2321 35.
335 2286 529 2329 πράξαντες
558 2288 622 2329 μὲν
659 2281 708 2319 ὧν
746 2288 898 2328 εφίενται
939 2299 977 2318 τι
974 2290 1100 2330 ραννοι
1134 2291 1192 2329 τῆς
1224 2287 1354 2326 πόλεως
1384 2289 1542 2330 ἔσονται,
1567 2287 1837 2335 δυστυχήσαντες
1865 2291 1901 2325 δὲ
1925 2294 1962 2326 τὸ
1988 2294 2064 2327 ισον

132 2349 209 2389 ὑμῖν
237 2347 385 2386 ἕξουσιν.
438 2349 610 2398 Vitiosum
620 2355 680 2400 est
681 2347 988 2402 δυστυχήσαντες,
1017 2355 1052 2382 ut
1077 2355 1110 2382 et
1134 2355 1167 2397 §⁹
1188 2350 1247 2384 98.
1273 2351 1302 2381 εἰ
1328 2347 1363 2381 δὲ
1387 2347 1631 2393 ἐδυστυχήσατε
1657 2353 1713 2384 καὶ
1741 2354 1871 2386 τούτων
1883 2355 2062 2396 ημάρτετε.

131 2409 352 2442 Scribendum
377 2415 469 2442 erat.
496 2410 535 2441 οὐ
562 2410 735 2453 τυχόντες.

177 2471 209 2514 §.
238 2469 298 2502 38.
335 2470 372 2502 ἐν
401 2467 480 2511 τῇδε
508 2471 550 2511 τῇ
576 2467 673 2501 πόλει
701 2467 897 2510 εἰθισμένον
925 2470 1013 2509 ἐστὶ,
1042 2470 1123 2511 πρὸς
1149 2470 1210 2510 μὲν
1237 2470 1278 2501 τὰ
1304 2469 1563 2512 κατηγορημένα
1585 2468 1691 2513 μηδὲν
1714 2470 1962 2513 ἀπολογεῖσθαι
1989 2476 2058 2510 κτὲ.

131 2532 246 2574 Aeque
272 2531 421 2563 vitiosum
445 2535 547 2574 atque
571 2527 605 2570 §.
632 2531 688 2565 17.
715 2530 751 2561 τὸ
774 2528 827 2562 ἐπ’
852 2528 991 2562 ἐκείνων
1019 2528 1214 2569 εἰθισμένον
1237 2527 1471 2572 παράγγελμα.
1510 2530 1579 2564 Hoc
1601 2531 1673 2566 loco
1696 2531 1826 2570 ἐθίζειν
1846 2544 1912 2568 non
1935 2541 2061 2579 aptum,

126 2590 182 2623 sed
210 2590 291 2627 ἔθος
320 2596 351 2623 et
379 2589 553 2624 εἰωθέναι.
