2289 2834
1023 131 1216 166 „12-

153 245 294 282 πολίτας
321 242 536 283 ἐξαπατήσας
559 239 713 276 καθεῖλε.
766 242 855 274 Haec
881 241 1078 286 ineptissima
1106 241 1264 287 nulloque
1288 241 1383 285 plane
1408 250 1502 273 sensu
1524 245 1581 273 aut
1605 250 1683 274 cum
1714 238 1931 273 anterioribus
1957 240 2087 274 vinculo

152 309 268 339 inserta
304 316 459 350 quorsum
499 308 647 347 spectent
670 313 734 334 non
758 303 920 346 intelligo.
968 302 1141 346 Scriptoris
1167 302 1267 334 menti
1290 301 1458 334 obversata
1479 301 1577 333 fuisse
1604 300 1758 333 videntur
1784 300 1881 332 verba
1907 300 2089 333 Cleomenis

152 367 243 412 apud
268 368 357 401 Plut.
385 363 522 410 Lysand.
557 364 649 399 XIV.
676 362 730 395 ὅτε
754 363 812 395 καί
832 363 937 403 φασὶν
963 362 1029 395 ὑπὸ
1055 363 1125 396 τῶν
1153 360 1240 395 νέων
1265 362 1359 398 τινός
1385 359 1595 403 δημαγωγῶν
1624 358 1841 402 Κλεομένους
1867 360 2086 402 ἐρωτώμενον

157 425 437 473 (Theramenem),
459 427 487 458 εἰ
514 422 622 467 τολμᾷ
649 423 820 457 τάναντία
846 420 1067 464 Θεμιστοκλεῖ
1087 424 1250 465 πράττειν
1274 422 1331 454 καὶ
1358 419 1484 462 λέγειν,
1510 418 1720 464 παραδιδούς
1745 421 1788 453 τὰ
1814 420 1909 464 τείχη
1922 422 1993 459 τοῖς
2007 422 2086 453 Aa·

155 487 407 529 κεδαιμονίοις,
435 486 457 518 ἃ
484 483 774 526 Λακεδαιμονίων
800 482 954 515 ἀκόντων
982 482 1110 521 ἐκεῖνος
1136 481 1332 524 ἀνέστησεν,
1360 483 1468 515 εἰπεῖν
1496 482 1565 516 uri.

203 553 236 595 5.
263 550 322 582 64.
362 549 424 580 νῦν
445 545 480 578 δὲ
505 546 570 588 ὁρῶ
593 547 665 582 τάς
690 555 730 576 τε
758 542 999 583 ἀπολογίας
1025 545 1082 581 εἰς
1109 545 1278 576 ἐκεῖνον
1303 541 1633 586 ἀναφερομένας
1658 543 1734 581 τοιΙς
1751 542 2083 584 τ’ἐκείνῳσυνὸντας

155 612 319 649 τιμᾶσθαι
346 606 587 649 πειρωμένους.
639 606 757 638 Dicunt
784 605 925 637 Graeci:
953 605 1069 636 αἰτίαν
1095 603 1292 646 ἀναφέρειν,
1317 605 1517 645 σύγγραμμα
1541 603 1731 646 ἀναφέρειν
1754 603 1802 640 εἴς
1825 614 1918 636 τινα.
1946 603 1969 636 i.
1991 613 2020 635 e.
2047 603 2087 635 ad

155 671 295 714 aliquem
335 674 506 702 auctorem
537 667 671 700 referre.
722 666 828 710 Igitur
868 665 1087 698 Theramenes
1110 670 1257 698 mortuus
1283 665 1463 698 orationem
1485 665 1611 708 scripsit
1638 676 1705 709 qua
1725 662 1953 697 Eratosthenes
1975 673 2091 696 usurus

155 738 212 764 est.
275 730 401 765 Vitium
435 729 511 762 vitio
545 727 752 761 cumulatum
787 729 819 772 5.
846 727 904 759 81.
933 726 1147 768 κατηγορεῖτε
1174 722 1212 757 δέ
1246 723 1519 767 Ἐρατοσθένους
1546 726 1602 757 καὶ
1629 725 1699 757 τῶν
1727 724 1849 757 τούτου
1875 721 1995 765 φίλων,
2025 719 2088 760 οἷς

158 793 217 827 τὰς
246 789 433 828 ἀπολογίας
461 788 647 820 ἀνοίσει.
700 787 762 819 Ubi
788 787 887 818 nolim
914 786 1031 819 scribi:
1059 786 1104 822 εἷς
1131 785 1199 822 οὕς.

204 855 236 898 5.
265 853 323 883 71.
360 848 597 890 ἐπεδήμησε
639 845 678 879 δὲ
717 847 754 879 τὸ
790 847 859 879 τῶν
892 844 1063 888 πολεμίων
1100 844 1343 888 στρατόπεδον.
1397 846 1443 878 De
1481 844 1626 878 exercitu
1665 845 1831 889 regionem
1856 843 2032 879 invadente
2060 850 2092 877 et

157 916 338 955 occupante
364 907 541 951 ἐπιδημεῖν
568 918 682 952 parum
708 912 796 940 recte
823 906 948 941 dietum
977 905 1115 941 videtur.

204 974 237 1014 5.
266 972 327 1004 77.
366 968 554 1010 ᾳροντίζων
581 966 617 999 δὲ
642 969 713 999 τῶν
739 966 1040 1007 Λακεδαιμονίων,
1090 968 1180 1000 Haec
1204 967 1294 999 nullo
1321 977 1399 999 cum
1425 966 1647 1010 superioribus
1675 967 1806 998 vinculo
1823 967 2016 999 cohaerent.

205 1036 238 1078 5.
265 1032 324 1064 81.
364 1031 642 1072 κατηγορεῖτε
668 1026 703 1060 δὲ
727 1027 1014 1071 Ἐρατοσθένους.
1072 1028 1160 1060 Haec
1186 1026 1227 1060 ad
1253 1027 1377 1059 iudices
1401 1026 1501 1060 dicta.
1562 1027 1834 1060 Emendationem
1860 1027 1956 1060 Bakii
1977 1028 2018 1062 V.
2044 1027 2093 1062 Cl.

159 1094 389 1133 κατηγόρηται
417 1092 449 1122 in
473 1090 535 1122 alio
561 1090 674 1134 quoi-is
700 1090 857 1132 scriptore
879 1100 988 1121 veram
1013 1087 1183 1122 haberem.
1236 1087 1300 1120 Sed
1325 1087 1366 1120 ab
1392 1087 1455 1121 hoe
1480 1087 1612 1121 homine
1636 1088 1765 1121 nullum
1793 1087 1948 1133 equidem
1969 1099 2095 1121 sermo·

158 1154 206 1184 nis
234 1152 348 1184 vitium
374 1151 518 1183 alienum
547 1155 639 1193 puto.

206 1216 238 1259 5.
265 1212 324 1244 81.
362 1210 380 1242 ό
405 1209 522 1251 μέντοι
548 1209 646 1249 ἀγὼν
674 1208 732 1241 οὐκ
759 1207 793 1246 ἐξ
820 1208 894 1242 ἴσου
917 1212 958 1251 τῇ
983 1207 1078 1242 πόλει
1101 1209 1157 1240 καὶ
1187 1206 1447 1250 Ἐρατοσθένει.
1471 1200 1568 1244 οὗτος
1589 1208 1653 1249 μὲν
1675 1208 1738 1250 γὰρ
1763 1210 2002 1251 κατήγορος
2024 1212 2092 1241 καὶ

159 1271 363 1311 δικαστής
396 1268 445 1310 ἧν
480 1270 562 1301 τῶν
601 1268 852 1310 γινομένων,
886 1270 979 1311 ἡμεῖς
1013 1267 1049 1300 δὲ
1088 1270 1166 1301 νυνὶ
1204 1269 1250 1306 εἷς
1288 1269 1498 1311 κατηγορίαν
1536 1269 1594 1299 καὶ
1632 1266 1825 1308 ἀπολογίαν
1864 1268 2094 1312 καθέσταμεν.

159 1332 342 1365 Verborum
366 1332 552 1371 κατήγορος
577 1329 644 1361 τῶν
673 1328 865 1369 γινομένων
890 1330 977 1361 nulla
1004 1335 1079 1373 apta
1101 1329 1273 1362 sententia.

206 1391 238 1433 5,
267 1393 327 1426 83.
365 1388 476 1427 καλῶς
501 1390 547 1422 ἂν
572 1389 641 1432 ἔχοι
665 1392 686 1430 vj
712 1393 752 1431 τῇ
780 1387 896 1430 πόλει,
920 1383 958 1430 ἧς
985 1382 1077 1422 οὗτοι
1105 1388 1217 1423 πολλὰ
1241 1387 1490 1431 εἰλήφασιν,
1513 1391 1534 1430 ή
1555 1391 1626 1427 τοῖς
1649 1387 1823 1431 ἰδιώταις,
1847 1382 1897 1424 ὧν
1911 1391 1972 1429 τὰς
1987 1391 2096 1428 οἰκίας

160 1453 471 1495 ἐξεπόρθησαν.
522 1451 685 1484 Sermonis
711 1451 812 1483 Attici
836 1456 906 1485 est:
931 1451 1123 1493 ὑφῄρηνται
1152 1457 1184 1484 et
1207 1450 1446 1493 κατέσκαψαν.

206 1518 238 1560 5.
265 1514 324 1546 84.
352 1514 411 1546 85.
450 1514 608 1543 τοσοῦτον
636 1511 729 1551 ὑμῶν
757 1514 1059 1554 καταπεφρόνηκεν
1086 1515 1107 1553 ἤ
1132 1510 1258 1554 ἑτέροις
1285 1511 1521 1545 πεπίστευκεν.
1549 1504 1598 1543 ὧν
1621 1510 1823 1554 ἀμφοτέρων
1850 1510 1953 1550 ἄξιον
1978 1513 2096 1554 ἐπιμε-

159 1574 322 1615 ληθῆναι.
363 1572 507 1605 Graecus
522 1596 532 1612 ,
557 1573 616 1616 qui
640 1572 775 1616 quidem
802 1572 928 1604 Graece
951 1574 1048 1605 sciret
1063 1596 1074 1613 ,
1101 1574 1292 1617 scripsisset:
1320 1566 1369 1606 ὧν
1395 1572 1595 1615 ἀμφοτέρων
1618 1573 1699 1614 ὑμῖν
1719 1572 1835 1615 μέλειν
1857 1573 1919 1608 δεῖ.

206 1633 240 1675 5.
266 1636 326 1668 86.
366 1636 508 1676 πότερον
531 1634 576 1670 ώς
601 1631 697 1664 καλοὶ
726 1632 877 1672 κάγαθοὶ
906 1635 1207 1674 αἰτήσονται,
1245 1635 1308 1675 τὴν
1349 1633 1463 1666 αὐτῶν
1489 1633 1614 1677 ἀρετὴν
1637 1632 1796 1672 πλείονος
1817 1633 1921 1673 ἀξίαν
1947 1634 2097 1676 ἀποφαί-

163 1706 276 1732 νοντες
304 1698 361 1736 τῆς
385 1694 577 1736 πονηρίας,
609 1695 630 1734 ἦ
656 1693 701 1730 ὠς
727 1691 834 1726 δεινοὶ
862 1692 974 1733 λέγειν
1000 1692 1288 1735 ἀπολογήσονται.
1341 1695 1384 1728 Ut
1417 1694 1583 1728 commodi
1615 1706 1724 1728 sensus
1757 1696 1882 1740 speeies
1912 1695 2018 1729 verbis
2051 1696 2100 1729 his

160 1755 336 1788 adderetur
351 1779 359 1795 ‚
386 1753 594 1787 Marklandus
620 1754 767 1800 scripsit:
792 1757 850 1796 τῆς
873 1754 1005 1788 τούτων
1026 1754 1205 1798 πονηρίας.
1257 1754 1319 1789 Sed
1345 1755 1553 1800 singulorum
1576 1761 1608 1790 et
1620 1756 1787 1790 universae
1799 1757 1978 1792 sententiae
1991 1756 2101 1791 nullus

162 1827 290 1856 sensus;
315 1817 512 1856 αἰτήσονται
541 1816 696 1848 vitiosum
723 1821 781 1849 est.

210 1877 243 1919 §.
271 1877 329 1910 87.
367 1874 440 1908 διὰ
480 1877 557 1917 μὲν
596 1878 668 1907 τοῦ
706 1875 922 1918 ὑμετέρου
958 1874 1149 1917 πλήθους
1185 1873 1292 1914 ἀδεῶς
1330 1877 1493 1917 ἡγοῦνται
1530 1878 1608 1915 τους
1645 1880 1832 1920 τριάκοντα
1859 1880 1990 1913 σώσειν.
2018 1881 2041 1915 i.
2069 1892 2098 1914 e.

165 1935 391 1979 δημοκρατίας
418 1937 528 1978 οὔσης.
581 1936 701 1969 Parum
728 1936 868 1969 Graece.

213 2002 246 2045 5.
273 1999 332 2030 88.
374 1998 495 2029 ἐκεῖνοι
522 1996 582 2037 δὲ,
610 1997 666 2035 οὓς
690 1991 782 2030 οὗτοι
809 1996 1006 2037 ἀπώλεσαν,
1043 1995 1302 2038 τελευτήσαντες
1328 1999 1389 2031 τὸν
1421 1999 1513 2043 βίον,
1541 1999 1678 2042 πέρας
1706 1998 1860 2044 ἔχουσι
1886 2004 1960 2043 τῆς
1986 2004 2101 2044 παρὰ

165 2060 245 2091 τῶν
282 2058 450 2102 ἐχθρῶν
488 2058 714 2100 τιμωρίας.
766 2060 869 2092 Recte
907 2058 1042 2104 quidem
1069 2058 1212 2092 dicitur:
1237 2057 1336 2101 δίκην
1360 2057 1551 2103 λαμβάνειν
1575 2062 1669 2103 παρά
1692 2072 1811 2102 τινος,
1836 2061 1893 2094 sed
1920 2067 2009 2096 recte
2033 2062 2101 2096 dici

166 2122 185 2160 η’
220 2122 312 2162 παρὰ
333 2130 427 2157 τινος
454 2116 533 2161 δίκη
558 2131 623 2153 non
646 2125 738 2164 puto.
780 2120 893 2165 Neque
921 2120 1024 2164 magis
1046 2122 1067 2160 η’
1092 2120 1185 2162 παρὰ
1199 2120 1268 2153 τῶν
1280 2120 1415 2163 ἐχθρῶν
1429 2120 1572 2163 τιμωρία
1585 2119 1652 2167 (1).
1688 2122 1817 2155 Diversa
1829 2122 1925 2167 plane
1942 2124 1970 2157 vi
1982 2124 2104 2168 legitur

166 2185 197 2227 5.
224 2181 283 2214 96.
310 2180 489 2221 ἡγούμενοι
517 2181 579 2220 τὴν
606 2180 720 2213 αὐτῶν
743 2180 852 2224 ἀρχὴν
877 2178 1103 2224 βεβαιοτέραν
1131 2176 1219 2212 εἶναι
1256 2183 1315 2222 τῆς
1347 2181 1440 2223 παρὰ
1461 2182 1532 2214 τῶν
1568 2182 1663 2216 θεῶν
1695 2183 1877 2225 τιμωρίας,
1912 2185 1946 2217 in
1981 2185 2107 2230 quibus

167 2241 299 2285 linguae
324 2241 413 2285 leges
435 2241 583 2275 violatae.
633 2240 752 2274 Sensus
773 2241 881 2274 enim:
909 2245 1061 2286 putantes
1086 2240 1263 2286 imperium
1287 2252 1382 2275 suum
1407 2240 1534 2276 firmius
1559 2253 1625 2276 esse
1648 2254 1750 2289 quam
1776 2243 1867 2290 quod
1889 2256 1908 2278 a
1931 2244 1992 2280 diis
2013 2246 2104 2281 iratis

168 2303 268 2334 everti
292 2302 401 2347 possit.
438 2302 557 2334 Graeci
581 2308 652 2346 post
679 2302 939 2347 comparativum
969 2301 1031 2334 hoc
1057 2312 1149 2336 sensu
1174 2307 1312 2341 utuntur
1338 2302 1436 2336 verbo
1462 2308 1494 2336 et
1517 2304 1783 2349 particulisvffihc.
1812 2305 2103 2351 praetereantque

169 2362 258 2404 ἔχειν
292 2364 351 2402 τῆς
385 2362 547 2404 τιμωρίας
586 2363 684 2406 longe
718 2363 782 2394 alio
813 2373 905 2394 sensu
939 2362 1074 2396 Graecis
1107 2363 1232 2398 dictum
1270 2364 1366 2399 fuisse
1403 2365 1557 2407 videtur,
1595 2378 1697 2412 quam
1721 2378 1790 2413 quo
1814 2374 1923 2402 noster
1946 2380 2025 2402 usus
2045 2375 2103 2403 est.

167 2424 331 2456 Sententia
355 2422 528 2456 verborum
548 2422 818 2468 subsequentium
841 2422 992 2457 absurda.

76 2595 90 2602 ς
139 2594 142 2603 ¹
235 2563 277 2600 (1)
305 2563 443 2590 Demosth.
463 2562 498 2591 de
515 2563 615 2592 Coton.
627 2573 661 2604 p.
678 2563 740 2592 229.
758 2565 794 2592 τὰ
809 2563 859 2610 μὲν
871 2556 920 2593 οὖν
936 2566 1145 2607 κατηγορημένα
1163 2565 1253 2594 πολλὰ
1269 2566 1316 2594 καὶ
1333 2565 1414 2594 δεινὰ
1434 2567 1479 2594 καί
1496 2566 1562 2604 περὶ
1580 2559 1617 2595 ὧν
1631 2568 1705 2596 ἐνίων
1723 2567 1847 2614 μεγάλας
1865 2567 1912 2595 καὶ
1929 2567 1978 2598 τὰς
1972 2568 2103 2615 ἐσχάτας

71 2603 95 2610 ’”
140 2590 154 2660 'J
168 2611 194 2637 οἱ
210 2611 288 2644 νόμοι
310 2611 444 2637 ιάττοισι
461 2612 597 2647 τιμωρίας.
635 2603 765 2648 Coi-rige.
791 2611 859 2649 ὑπὲρ
875 2604 920 2638 ὧν.
957 2613 1035 2640 Idem
1051 2614 1148 2656 vitium
1163 2613 1270 2641 duobus
1287 2614 1384 2654 Lysiae
1404 2613 1471 2642 loeis
1484 2609 1597 2643 {netuli}
1609 2615 1753 2644 unm-ker
1757 2606 1882 2653 Ωιιιειῑ.
1889 2615 2004 2669 Lysop·
2003 2616 2047 2643 1¹.
