2308 2850
163 1042 201 1074 In
240 1039 461 1079 orationibus,
499 1049 580 1084 quas
616 1044 783 1084 tamquam
817 1051 836 1072 a
870 1039 963 1084 Lysia
985 1039 1119 1083 scriptas
1142 1038 1327 1070 lectitamus
1348 1042 1381 1070 et
1405 1037 1440 1069 in
1463 1037 1631 1082 integrum
1656 1037 1827 1071 restituere
1854 1034 2022 1070 studemus
2037 1061 2047 1076 ,

115 1102 206 1134 nulla
243 1107 310 1142 est,
344 1111 428 1146 quae
465 1100 563 1144 ipsius
588 1100 718 1132 nomine
742 1100 845 1145 magis
870 1101 962 1145 quasi
989 1104 1112 1132 sacrata
1135 1099 1174 1131 sit
1201 1109 1301 1143 quam
1326 1097 1429 1130 oratio
1455 1097 1490 1130 in
1512 1095 1772 1132 Eratosthenem.
1824 1097 1938 1139 Quum
1959 1098 2048 1130 enirn

117 1161 202 1194 hane
233 1171 330 1193 unam
368 1170 500 1208 causam
534 1159 574 1192 de
611 1158 711 1192 caede
741 1159 851 1193 fratris
885 1158 1089 1193 Polemarchi
1114 1159 1182 1203 ipse
1217 1158 1320 1203 egerit
1358 1163 1390 1190 et
1424 1157 1562 1203 ora-verit
1581 1157 1690 1202 Lysias
1713 1162 1745 1190 et
1768 1156 1857 1190 haud
1881 1168 1988 1201 pauca
2010 1156 2052 1189 de
2079 1161 2096 1201 ’ἵ

116 1221 213 1253 rebus
248 1221 312 1254 suis
339 1221 525 1265 prolocutus
547 1220 603 1258 sit,
638 1218 721 1251 haec
746 1220 849 1253 oratio
876 1219 989 1253 habita
1011 1224 1057 1253 est
1082 1219 1153 1252 fons
1171 1218 1420 1263 integerrimus,
1448 1229 1487 1250 ex
1512 1228 1580 1264 quo
1600 1218 1735 1251 oratoris
1758 1217 1823 1251 vita
1844 1218 1885 1250 sit
1911 1217 2052 1250 conciu-

116 1281 236 1314 nanda.
285 1282 324 1312 In
349 1290 448 1324 quem
474 1279 574 1311 finem
599 1280 660 1322 ipsi
683 1285 805 1312 veteres
830 1291 868 1311 ea
891 1275 939 1311 usi
962 1285 1047 1312 sunt.
1098 1279 1261 1311 Nonnulla
1287 1277 1364 1310 inde
1388 1277 1590 1322 deprompsit
1615 1279 1649 1311 in
1667 1279 1766 1310 vitam
1779 1277 2051 1322 LysiaePseudo·

117 1340 334 1389 Plutarchus,
369 1345 405 1371 ut
443 1344 569 1371 constet
605 1339 669 1371 iam
706 1339 794 1379 eius,
830 1349 1029 1384 quacunque
1063 1339 1175 1371 vixerit
1194 1343 1322 1378 aetate,
1348 1349 1408 1382 pro
1431 1338 1563 1382 Lysiaca
1589 1337 1737 1370 habitam
1761 1348 1829 1370 esse
1854 1323 2052 1371 affationem.

117 1386 208 1432 lla-ec?
238 1386 374 1432 lustrare
404 1398 486 1430 nihil
523 1410 616 1441 opus.
677 1398 800 1430 Eadem
831 1399 957 1441 saepius
983 1410 1057 1430 usus
1081 1399 1294 1444 Harpocratio
1311 1399 1345 1429 in
1368 1383 1524 1445 {gx—ipos
1537 1408 1700 1443 nusquam
1720 1397 1873 1437 addidit,
1902 1383 1994 1442 quod
2019 1398 2053 1428 in

127 1461 194 1494 aliis
234 1459 353 1493 dubiae
391 1458 469 1492 fidei
495 1458 695 1492 orationibus
721 1459 959 1502 circumspecte
985 1444 1230 1491 addere-solet:
1261 1443 1290 1489 si
1312 1459 1447 1505 yvffqaog
1473 1458 1492 1489 ό
1517 1456 1632 1496 λόγοςς
1659 1458 1837 1501 genuinam
1863 1459 1966 1501 igitur
1990 1470 2052 1500 pu·

118 1520 209 1555 tavit.
259 1519 333 1562 Quo
366 1518 563 1553 firmioribus
592 1517 674 1552 mihi
709 1516 869 1552 utendum
896 1516 989 1552 video
1011 1519 1237 1563 argumentis,
1264 1519 1289 1551 si
1313 1503 1385 1551 eam
1409 1530 1474 1551 non
1501 1531 1520 1551 a
1545 1518 1637 1563 Lysia
1663 1519 1819 1563 scriptam
1848 1525 1881 1551 et
1904 1520 2054 1551 omnium

119 1581 252 1615 minime
278 1580 455 1625 genuinam
479 1590 544 1613 esse
568 1580 717 1613 evincere
742 1579 848 1613 velim.
899 1579 939 1613 Et
964 1579 1029 1612 iam
1052 1579 1161 1613 statim
1188 1577 1326 1612 dubium
1354 1578 1503 1613 oboritur
1527 1591 1570 1612 an
1598 1591 1658 1631 per
1681 1580 1770 1624 leges
1790 1579 1932 1629 Lysiae
1928 1579 2056 1626 licitum
2088 1590 2091 1596 ’

120 1643 221 1695 fuerit
241 1643 274 1692 in
295 1640 418 1693 iudicio
441 1639 527 1672 hanc
553 1650 686 1673 causam
708 1649 818 1672 coram
841 1650 952 1688 agere.
978 1639 1109 1672 Nemini
1131 1640 1217 1672 enim
1243 1639 1304 1692 nisi
1323 1639 1387 1672 civi
1409 1639 1540 1673 licitum
1563 1644 1634 1673 erat
1656 1639 1801 1685 aliquem
1828 1651 1919 1673 reum
1941 1650 2052 1684 agere.
2148 1651 2180 1665 ›v-

120 1689 168 1736 De
193 1713 260 1746 quo
286 1702 383 1745 ipsius
407 1701 517 1745 Lysiae
541 1700 723 1733 describam
758 1699 856 1732 verba
889 1709 920 1732 c.
958 1699 1094 1743 Agorat.
1122 1700 1153 1744 §.
1176 1701 1235 1733 73.
1260 1699 1347 1731 οὕτω
1373 1697 1490 1740 μέντοι
1513 1691 1612 1736 οὗτος
1635 1697 1723 1731 πολύ
1741 1697 1792 1745 (1)
1820 1700 1916 1740 ὑμῶν
1942 1711 2054 1731 κατα-

122 1764 260 1804 φρονεῖ,
287 1760 370 1792 ὥστε
391 1759 450 1791 οὐκ
476 1759 524 1792 ὧν
549 1758 749 1802 Αθηναῖος
772 1759 830 1790 καὶ
857 1757 990 1797 ἐδίκαζε
1014 1759 1071 1790 καὶ
1096 1757 1308 1802 ἐξεκλησίαζε
1338 1759 1395 1791 καὶ
1422 1760 1554 1802 γραφὰς
1577 1760 1638 1797 τὰς
1671 1757 1707 1797 ἐξ
1726 1760 1929 1803 ἀνθρώπων
1954 1758 2053 1802 ἐγρά-

122 1833 216 1863 φετο,
240 1822 507 1863 ἐπιγραφόμενος
533 1819 796 1861 ’Λναγυράσιος
818 1816 919 1852 εἶναι.
953 1820 1060 1865 Lysias
1085 1825 1195 1852 autem
1223 1831 1289 1852 non
1314 1819 1379 1852 fuit
1403 1820 1481 1853 civis
1502 1819 1731 1861 Atheniensis,
1767 1820 1835 1871 ‚⁸⁰¹¹
1842 1822 2027 1870 inquilinus
2042 1846 2052 1861 ,

119 1894 192 1929 per*
211 1887 388 1928 patronum?
421 1880 522 1925 igitur
548 1889 625 1911 cum
652 1880 773 1924 populo
798 1879 964 1924 agendum
990 1885 1070 1927 erat.
1121 1880 1163 1912 At
1189 1878 1366 1924 inquilinos
1391 1878 1636 1920 honoratiores,
1663 1891 1808 1925 quorum
1846 1881 1911 1913 fuit
1944 1881 2052 1925 Lysias

120 1928 267 1990 ἦᾷἐτεῇῂς
295 1928 366 1984 suin),
403 1942 630 1983 praeterquam
668 1939 759 1983 quod
789 1939 963 1981 μετοίκιον
984 1950 1049 1971 ιιοιι
1075 1938 1260 1979 solvebant,
1302 1941 1533 1987 Pfflffllqlcive
1555 1952 1621 1973 non
1648 1952 1721 1973 usos
1747 1952 1815 1974 esse
1841 1943 2052 1974 consentiunt
2092 1943 2103 1985 β

120 1987 359 2047 Ᾰηίιᾳυίιαῑυω
386 1999 568 2032 Atticarum
591 1999 771 2043 peritissimi
798 2000 856 2032 viri
872 2024 882 2040 ,
909 2000 1008 2032 etiam
1034 1998 1220 2032 Boeckhius
1242 1998 1367 2034 Oecon.
1392 2000 1461 2033 Att.
1484 2000 1530 2033 11.
1559 2012 1592 2045 p.
1620 2001 1680 2034 78.
1731 2001 1798 2044 Qui
1827 2001 1900 2035 iure
1922 1983 2052 2036 summo

119 2062 301 2096 adversatus
329 2060 469 2093 aliorum
509 2060 687 2092 sententiae
722 2061 759 2092 iis
789 2059 830 2092 ad
859 2059 1096 2104 rempublicam
1134 2060 1293 2092 accedere
1330 2061 1483 2101 licuisse,
1518 2061 1646 2093 nullum
1685 2067 1796 2095 tamen
1817 2062 1958 2095 dubium
1985 2073 2051 2095 esse

120 2123 190 2162 ait,
226 2121 308 2166 quin
335 2124 473 2170 patrono
510 2119 581 2152 cive
615 2119 654 2152 iis
677 2119 813 2152 minime
835 2119 995 2153 utendum
1020 2120 1130 2166 fuerit.
1182 2119 1281 2161 Quod
1308 2120 1409 2153 miror
1432 2132 1535 2164 quare
1560 2120 1749 2154 Boeckhius
1773 2123 1972 2155 auctoritate
1993 2135 2050 2155 sua
2130 2126 2157 2138 ³

121 2182 298 2221 affirmare,
335 2189 436 2224 quam
471 2179 672 2224 argumentis
704 2188 742 2212 ex
776 2178 857 2219 hac,
894 2178 936 2213 de
959 2190 1027 2225 qua
1049 2178 1270 2224 disputamus,
1297 2180 1409 2226 Lysiae
1432 2182 1576 2216 oratione
1599 2183 1709 2227 petitis
1727 2181 1860 2216 firmare
1884 2183 2051 2217 maluerit.

120 2243 233 2286 Quum
270 2251 345 2274 vero
375 2239 456 2273 mihi
494 2240 628 2284 neganti
664 2238 762 2272 fidem
801 2238 950 2272 habitum
990 2240 1030 2272 iri
1070 2250 1177 2285 neque
1204 2246 1316 2285 putem
1340 2252 1449 2287 neque
1471 2242 1589 2282 velim,
1615 2242 1650 2275 in
1675 2254 1708 2276 re
1731 2254 1797 2276 non
1821 2242 1974 2287 negando
1995 2243 2051 2276 sed

120 2302 292 2337 refutando
325 2300 550 2339 conficienda,
584 2300 753 2333 Boeckhio
790 2300 965 2332 affirmanti
991 2299 1126 2333 credere
1164 2301 1288 2342 tutius,
1330 2302 1388 2335 nisi
1424 2303 1520 2336 certis
1550 2302 1754 2348 argumentis
1789 2313 1858 2335 rem
1896 2301 2052 2335 dirimere

121 2365 219 2409 possis
249 2368 501 2396 controversam.
552 2360 734 2404 Scrupulus
770 2359 852 2393 mihi
884 2366 1028 2393 remanet
1061 2365 1195 2406 propter
1221 2362 1329 2406 ipsum
1355 2361 1513 2397 ἰσοτελῶν
1540 2374 1682 2405 nomen,
1709 2362 1800 2409 quod
1819 2361 2079 2432 explicandum
2077 2368 2081 2374 '

118 2423 301 2458 secundum
339 2421 598 2455 Grammaticos:
633 2422 676 2452 τὰ
712 2420 771 2453 ἴσαι
796 2423 867 2458 τοῖς
894 2420 1008 2459 οἰστοῖς
1030 2419 1220 2459 τελοῦντες.
1270 2422 1386 2456 Pollux
1409 2424 1505 2460 VIII.
1533 2426 1613 2458 155.
1642 2421 1791 2465 ἰσοτελὴς
1816 2424 1835 2455 o'
1855 2422 2054 2480 με’τοικοςο
2136 2443 2154 2460 2

120 2485 277 2526 τιμηθεὶς
299 2485 341 2524 μὴ
363 2480 474 2514 ταύτὰ
496 2484 566 2518 τοῖς
585 2482 754 2522 μετοίκοις
778 2480 899 2514 τελεῖν.
949 2483 1077 2515 Pariter
1109 2483 1278 2516 Timaeus:
1304 2475 1473 2526 ἲσοτελῆς,
1497 2485 1516 2516 o‘
1536 2483 1659 2529 χωρις
1692 2483 1846 2526 ζημίας
1877 2443 2079 2525 ἐπιδημῶν,Ι

120 2546 179 2578 ἴσα
211 2546 283 2581 τοῖς
315 2540 485 2579 πολίταις.
536 2541 685 2574 Aliorum
712 2541 800 2574 enim
824 2542 1033 2583 testimonio,
1054 2547 1092 2575 ut
1115 2542 1301 2577 Ammonii:
1329 2543 1499 2587 ῖσοτελὴς,
1533 2545 1552 2576 ό
1590 2541 1810 2587 τετιμημένος
1836 2541 1991 2586 μέτοικος
2018 2544 2055 2576 ἐν

166 2647 210 2683 (1)
247 2645 447 2683 corrigendum
463 2646 588 2674 videtui-2
605 2639 684 2678 οὗτος
700 2658 728 2680 μ.
749 2649 881 2675 τοσοῦτον
899 2648 978 2681 ὑμῶν
996 2650 1177 2687 κατεφρόνει,
1197 2655 1241 2677 et:
1266 2651 1316 2681 τὰς
1329 2650 1356 2691 ἐξ
1373 2649 1529 2687 ἀνθρώπων
1546 2651 1651 2687 γραφὰς
1664 2649 1809 2687 ἠράσατο.
2118 2652 2135 2681 ,7
2173 2666 2189 2688 ¹:
