2342 2844
1095 146 1265 178 -4-

213 255 333 289 horum
352 252 502 287 ordinem
519 251 643 297 recepit
661 250 930 286 Westermannns
946 252 981 286 in
998 252 1178 299 Biograph.
1199 252 1317 288 Graec.
1334 263 1368 297 p.
1390 251 1474 286 242.
1496 251 1571 293 42.;
1591 251 1742 297 ineptum
1759 251 1863 297 igitur
1882 262 1949 286 esse
1968 258 2146 286 consenta-

213 323 327 350 neuma*
352 315 471 360 Aptius
486 313 529 347 ad
546 314 740 347 sententiam
761 312 844 346 haec
858 314 905 346 ita
926 313 1093 347 emendari
1111 315 1214 348 voluit
1232 312 1523 359 wyttenbachius,
1535 318 1572 346 ut
1589 318 1766 358 utramque
1785 311 1872 346 hanc
1889 322 2022 346 causam
2037 319 2144 354 actor,

210 377 322 422 Lysiae
339 377 484 409 oratione
501 385 592 416 usus,
612 385 680 407 non
698 375 808 407 vicisse
829 374 969 408 dicatur.
998 374 1063 408 Sed
1079 374 1169 421 quod
1190 375 1345 420 reposuit,
1363 374 1404 407 ad
1422 384 1606 407 sermonem
1624 374 1778 406 scabrum
1793 378 1826 406 et
1843 383 1961 417 parum
1979 373 2144 407 Graecum

214 439 355 469 videtur.
382 437 522 468 Difficile
538 443 585 468 est
600 437 634 467 in
651 436 715 467 hac
732 436 897 480 farragine
912 447 1023 467 rerum
1043 436 1266 480 undecunque
1286 437 1584 467 consarcinatarum
1601 442 1633 467 et
1651 435 1742 466 nullo
1759 440 1848 465 recto
1865 434 1980 465 ordine
1994 441 2145 466 consuta-

219 510 292 529 rum
319 497 402 529 certi
423 497 603 541 quicquam
623 502 777 528 statuere.
802 496 917 539 Neque
942 495 1006 528 hoc
1028 508 1116 528 nunc
1141 508 1216 539 ago.
1250 495 1337 528 Illud
1360 508 1474 540 urgeo,
1493 496 1708 529 nobilissimos
1733 496 1818 527 inter
1835 494 1978 527 Graecos
2004 495 2144 533 criticos,

192 558 358 601 thomines
386 557 634 598 literatissimos,
666 556 858 601 Dionysium
894 561 926 588 et
964 555 1141 589 Caecilium
1169 556 1233 589 iam
1256 556 1397 602 Augusti
1415 568 1495 591 aevo
1518 562 1652 590 centurn
1676 555 1855 601 nonaginta
1879 553 1960 586 duas
1982 555 2143 587 orationes

215 625 250 651 ut
268 618 490 662 suppositicias
512 628 695 662 segregasse
721 628 830 662 neque
855 617 927 660 plus
951 617 1120 649 dimidiam
1145 623 1271 661 partem
1293 618 1478 650 orationum
1493 642 1502 658 ‚
1529 629 1614 663 quae
1638 617 1748 662 Lysiae
1773 616 1905 648 nomine
1930 615 2138 655 ferebantur,

191 660 196 673 ι
214 680 392 723 genuinam
414 677 577 712 habuisse.

285 739 354 773 Nec
392 750 458 773 non
493 739 633 772 alterum
670 748 721 771 me
754 736 891 772 advertit
923 738 1050 783 Lysiam
1085 738 1244 783 scripsisse
1283 738 1461 773 orationem
1492 739 1526 774 in
1559 739 1790 784 Trigintaviros
1820 737 1886 784 (1).
1936 736 2035 781 Quod
2061 735 2142 771 mihi

215 810 329 844 parum
366 798 546 832 verosimile
577 797 718 832 videtur.
769 797 1009 832 Alienissimum
1048 799 1134 832 enim
1175 798 1217 832 ab
1240 798 1488 833 Atheniensium
1513 800 1656 834 moribus
1677 805 1710 833 et
1734 810 1824 833 more
1850 799 1984 846 publice
2010 803 2143 843 recepto

212 860 294 892 mihi
331 861 432 892 visum
453 865 522 891 erat
550 859 783 903 Trigintaviros
804 859 940 892 Athenis
967 860 1065 892 vitam
1090 870 1147 903 per
1173 860 1276 892 otium
1301 860 1442 904 degisse,
1468 860 1554 894 bona
1580 872 1693 894 eorum
1720 871 1785 894 non
1812 861 2000 905 publicata,
2028 859 2140 892 domos

214 932 278 955 uon
317 921 360 953 ab
396 920 468 953 imis
505 919 727 953 fundamentis
763 920 933 961 disiectas,
974 932 1109 965 corpora
1146 926 1347 954 mortuorum
1384 932 1449 954 non
1487 929 1576 955 extra
1615 922 1695 955 fines
1726 922 1852 955 Atticae
1890 922 2059 966 proiecta,
2084 932 2143 954 su-

215 983 362 1026 perstites
390 991 498 1025 neque
521 981 621 1013 malos
645 981 752 1021 cives,
780 981 960 1025 proditores
978 983 1099 1026 patriae
1126 988 1158 1016 et
1184 982 1289 1016 hostes
1324 982 1481 1017 iudicatos
1505 994 1566 1017 nec
1594 985 1632 1017 iis
1656 995 1742 1029 aqua
1768 989 1800 1017 et
1822 984 1900 1029 igne
1925 981 2140 1016 interdictum

212 1054 288 1076 esse.
324 1043 446 1075 Saltem
472 1042 559 1074 bona
581 1053 696 1074 eorum
720 1042 889 1085 publicata
913 1054 978 1075 esse
1002 1049 1126 1076 constat
1153 1044 1334 1076 testimonio
1359 1044 1568 1084 Philochori,
1593 1045 1734 1077 hominis
1761 1045 2022 1088 diligentissimi,
2050 1042 2139 1087 apud

210 1104 367 1146 Harpocr.
400 1103 435 1135 in
472 1114 502 1136 v.
537 1104 699 1142 πομπεῖα·
725 1102 905 1143 πομπείοις
929 1100 964 1134 δὲ
980 1128 988 1143 ,
1015 1103 1094 1145 φησὶ
1119 1100 1324 1146 Φιλόχορος,
1351 1106 1514 1146 πρότερον
1542 1105 1688 1148 ἐχρῶντο
1712 1106 1744 1137 οἱ
1766 1104 1983 1147 Ἀθηναῖοι,
2008 1106 2079 1142 τοῖς
2103 1103 2140 1136 ἐκ

212 1167 267 1203 τῆς
298 1161 413 1199 οὐσίας
446 1162 515 1193 τῶν
546 1163 734 1202 τριάκοντα
766 1165 1103 1203 κατασκευασθεῖσιν,
1130 1162 1197 1204 ὀψὲ
1218 1162 1272 1204 δὲ,
1295 1166 1395 1206 φησὶ,
1433 1166 1489 1196 καὶ
1514 1163 1733 1207 Ἀνδροτίων
1756 1163 1848 1198 ἄλλα
1880 1166 2138 1199 κατεσκεύασεν.

210 1224 325 1268 Neque
356 1222 463 1255 minus
499 1220 685 1254 luculenter
714 1220 899 1265 Xenophon
928 1223 962 1256 in
987 1223 1114 1259 Hellen.
1149 1224 1194 1258 11.
1228 1225 1261 1258 4.
1290 1225 1348 1259 38.
1370 1224 1402 1256 οἱ
1422 1222 1459 1257 δὲ
1490 1222 1690 1266 διήλλαξαν,
1715 1225 1767 1267 ἐφ’
1788 1219 1816 1269 ᾦ
1838 1237 1872 1259 τε
1893 1227 2029 1268 εῖρήνην
2048 1224 2139 1269 ἔχειν

211 1285 254 1319 ως
292 1282 374 1323 πρὸς
401 1279 589 1320 ἀλλήλους,
617 1280 758 1314 ἀπιέναι
797 1280 831 1313 δὲ
862 1283 919 1315 ἐπὶ
949 1284 990 1314 τὰ
1015 1285 1150 1316 ἑαυτῶν
1171 1285 1333 1321 ἑκάστους
1356 1283 1447 1325 πλὴν
1466 1287 1536 1318 τῶν
1558 1288 1744 1328 τριάκοντα
1765 1288 1822 1318 καὶ
1844 1287 1916 1319 τῶν
1938 1284 2063 1319 ἕνδεκα
2082 1288 2139 1318 καὶ

209 1344 277 1374 τῶν
311 1344 348 1374 ἐν
383 1343 430 1382 τῷ
462 1343 620 1382 Πειραιεῖ
643 1340 822 1382 ἀρξάντων
850 1340 933 1374 δέκα
950 1341 1022 1387 (2),
1045 1345 1072 1375 εἰ
1096 1342 1133 1376 δέ
1160 1356 1249 1381 τινες
1275 1345 1439 1387 φοβοῖντο
1461 1346 1531 1378 τῶν
1559 1345 1595 1383 ἐξ
1618 1348 1762 1386 ἄστεος,
1791 1345 1908 1383 ἔδοξεν
1933 1346 2050 1383 αὐτοῖς
2077 1349 2138 1386 τὴν

214 1400 397 1435 Ἐλευσῖνα
427 1403 615 1434 κατοικεῖν.
666 1400 738 1434 Νοιι
770 1413 821 1435 me
857 1402 934 1436 latet
961 1402 1085 1437 diversa
1111 1403 1237 1438 tradere
1259 1404 1461 1439 Andocidem
1486 1406 1526 1440 de
1548 1408 1676 1451 Myster.
1696 1419 1728 1442 c.
1754 1410 1811 1442 15.
1835 1407 1913 1449 φέρε
1939 1405 1978 1447 δὴ
2003 1408 2135 1446 τοίνυν,

210 1463 241 1496 οἱ
267 1462 360 1504 ὅρκοι
382 1460 462 1502 ὑμῖν
485 1460 556 1498 πῶς
579 1459 731 1504 ἔχουσινς
750 1460 769 1493 ό
792 1461 855 1503 μὲν
874 1463 987 1501 κοινὸς
1015 1466 1056 1506 τῇ
1076 1461 1172 1497 πόλει
1198 1463 1324 1508 ἁπάσῃ,
1351 1464 1390 1499 ὃν
1417 1463 1610 1507 ὀμωμόκατε
1634 1469 1763 1505 πάντες
1796 1468 1880 1509 μετὰ
1906 1468 1965 1505 τὰς
1992 1465 2137 1501 διαλλα-

207 1524 268 1563 γὰς
285 1547 293 1562 ,
321 1521 378 1554 καὶ
403 1519 441 1552 οὐ
468 1522 705 1562 μνησικακήσω
727 1521 797 1553 τῶν
823 1520 973 1555 πολιτῶν
997 1521 1110 1555 οὐδενὶ
1134 1522 1224 1566 πλὴν
1252 1524 1320 1558 τῶν
1347 1527 1532 1568 τριάκοντα
1555 1529 1612 1559 καὶ
1639 1527 1708 1561 τῶν
1728 1526 1873 1570 ἕνδεκα,
1900 1526 1977 1561 οὐδὲ
1992 1528 2134 1570 τούτων,

205 1585 240 1619 ο,-
276 1584 322 1613 &v
347 1579 450 1623 ἐθέλῃ
474 1578 623 1617 εὐθύνας
649 1579 783 1613 διδόναι
809 1585 866 1622 τῆς
893 1582 996 1626 ἀρχῆς
1012 1606 1022 1622 ,
1050 1577 1088 1623 ἧς
1111 1581 1210 1625 ἦρξεν
1228 1584 1295 1630 (3).
1345 1587 1459 1631 Neque
1485 1586 1548 1619 hoc
1574 1587 1761 1621 discrimine
1785 1594 1880 1628 utar,
1901 1600 1975 1635 quo
1989 1599 2135 1641 arguam

182 1644 373 1676 .hominem
409 1641 607 1672 inconcinne
644 1641 859 1673 blaterantem
879 1643 1058 1694 Andocidis
1083 1654 1202 1677 nomen
1229 1647 1383 1697 mentiri.
1410 1647 1497 1692 quod
1525 1649 1559 1680 in
1586 1647 1676 1682 aliud
1704 1654 1831 1693 tempus
1857 1649 1977 1683 reiicio.
2016 1642 2137 1694 Respi-

212 1687 317 1695 m*-
328 1688 347 1692 -»

204 1704 319 1736 cienda
334 1713 418 1746 quae
433 1691 524 1732 finxit
538 1688 696 1740 falsarius,
710 1702 769 1745 qui
782 1701 866 1734 hane
879 1704 944 1735 sive
958 1704 993 1735 in
1002 1690 1241 1748 Trigintaviros
1259 1707 1324 1738 sive
1350 1708 1382 1738 in
1410 1707 1657 1740 Eratosthenem
1683 1710 1810 1752 scripsit
1833 1710 2025 1741 orationem.
2066 1711 2133 1752 Qui

205 1767 237 1808 §.
263 1766 320 1797 35.
346 1764 417 1794 ὅσοι
433 1761 470 1793 δὲ
481 1761 574 1799 ξένοι
590 1760 826 1803 ἐπιδημοῦσιν,
843 1763 992 1794 ει’σονται
1008 1766 1151 1805 πότερον
1165 1764 1290 1802 αδίκως
1304 1768 1381 1803 τούς
1395 1770 1579 1809 τριάκοντα
1589 1769 1881 1810 ἐκκηρύττουσιν’
1865 1782 1902 1801 εκ
1916 1771 1985 1803 τῶν
2000 1769 2134 1803 πόλεων

204 1829 221 1864 η’
237 1823 386 1860 δικαίως.
414 1824 444 1854 εἰ
467 1823 531 1863 γὰρ
559 1820 597 1862 δὴ
623 1820 720 1854 αὐτοὶ
746 1823 778 1854 οἱ
801 1824 911 1860 κακῶς
937 1827 1148 1862 πεπονθότες
1170 1823 1332 1868 λαβόντες
1355 1827 1552 1868 ἀφήσουσιν,
1579 1826 1668 1869 ἦπου
1694 1833 1778 1871 σφᾶς
1804 1830 1926 1868 αὐτούς
1948 1832 2133 1872 ἡγήσονται

205 1883 400 1926 περιέργους
439 1883 524 1924 ὑπὲρ
561 1881 656 1923 ὑμῶν
689 1882 913 1924 τειρομένους.
941 1883 1026 1924 Ubi,
1053 1885 1113 1918 nisi
1138 1886 1243 1927 fallor,
1266 1887 1472 1923 scribendum
1499 1894 1583 1922 erat:
1608 1889 1804 1932 περιέργους
1830 1893 2027 1932 ἡγήσονται.
2067 1893 2136 1931 Exe-

266 2027 308 2060 (1)
349 2028 381 2052 In
400 2024 470 2050 Plut.
487 2024 506 2049 l.
525 2033 549 2049 c.
568 2024 687 2049 conieci:
711 2026 782 2049 κατὰ
798 2025 854 2049 τῶν
872 2026 896 2049 ν’
919 2023 1018 2060 ἕτερος.
1045 2027 1308 2062 Quadringentorum
1327 2039 1403 2056 causa
1422 2033 1449 2056 in
1464 2039 1556 2058 senatu
1575 2039 1647 2066 acm3
1667 2033 1851 2060 v.Plut.vi1.
1870 2035 2013 2071 Autiph.p
2033 2035 2129 2061 8331).

265 2073 306 2107 (2)
344 2072 399 2099 llos
422 2071 591 2098 decemviros
613 2077 805 2098 commemorat
830 2071 982 2107 Xenophon
1004 2074 1084 2100 etiam
1109 2074 1147 2100 ib.
1185 2074 1214 2107 ᾗ.
1242 2075 1283 2101 19.
1329 2076 1488 2104 Secundum
1505 2079 1577 2106 Plut.
1596 2080 1712 2114 Lysand.
1729 2081 1772 2107 15.
1790 2081 1929 2116 Lysander
1944 2083 1981 2107 τὰ
1997 2082 2062 2117 περι
2080 2084 2131 2115 τὴν

197 2120 339 2145 πολιτείαν
356 2119 396 2144 ἐκί
387 2126 461 2153 ινησε
475 2137 482 2151 ,
503 2118 651 2154 τριάκοντα
670 2117 718 2149 μὲν
732 2118 760 2143 ἐν
778 2116 873 2149 ἅσιει,
890 2119 959 2145 δέκα
976 2120 1019 2145 δ’
1007 2130 1035 2146 εν
1045 2121 1175 2169 Πειριιιε·
1165 2124 1357 2158 καταστήσας
1366 2123 1509 2160 ἄρχοντας.
1546 2126 1578 2153 In
1586 2126 1711 2163 Harpocr.
1721 2137 1748 2154 v.
1759 2128 1888 2158 Μόλπιςι
1911 2128 1954 2155 »οἱ
1965 2127 2013 2155 δ”’
1995 2138 2050 2165 αρα
2058 2132 2130 2161 μετὰ

198 2167 258 2196 οὺς
275 2166 425 2203 τριάκοντα
441 2165 511 2191 δέκα
529 2163 663 2201 ἄρχοντες
680 2159 765 2201 ἦρχον
780 2174 808 2191 εν
825 2165 964 2202 Πειραιεῖ,
984 2159 1020 2192 ὧν
1039 2164 1077 2197 εἷς·
1095 2167 1129 2201 ἦν
1147 2167 1161 2193 ὁ
1180 2168 1306 2210 Μόλπις,
1325 2169 1359 2200 ὡς
1375 2170 1430 2198 ‘Aa
1427 2171 1546 2209 δροτίων
1559 2173 1586 2200 ἓν
1602 2174 1684 2211 τρίτῃ
1700 2173 1880 2205 'Arffldosu’'
1895 2180 1966 2202 recte
1985 2174 2127 2203 Valesius:

194 2217 266 2244 μετὰ
286 2215 342 2238 τῶν
360 2214 520 2247 τριάκοντα.
556 2212 788 2237 Ponuxlx.101
810 2224 841 2237 το
843 2219 867 2240 ῖς
885 2216 1092 2248 τετταράκοντα
1106 2221 1150 2239 zo?
1150 2219 1246 2245 ςμειὰ
1262 2219 1325 2246 τοὺς
1341 2220 1486 2254 τριάκοντα
1510 2224 1659 2255 προστᾶσιν
1669 2222 1813 2256 Ἀθήνησι
1822 2224 1950 2257 mlv-7793?
1960 2223 2128 2258 Εὐριπίδης,

195 2260 266 2287 haud
292 2259 376 2286 dubie
401 2258 537 2285 intellexit
547 2257 742 2296 quadraginta
758 2261 830 2284 κατὰ
848 2259 950 2293 δήμους
970 2261 1118 2293 δικαστάς,
1136 2262 1169 2289 de
1186 2263 1286 2299 quibus
1303 2274 1330 2292 v.
1349 2264 1422 2292 VIII.
1441 2266 1502 2293 100.
1538 2267 1691 2304 Harpocrat.
1711 2270 1740 2295 in
1758 2278 1784 2295 v
1824 2268 1880 2296 Sed
1895 2279 1959 2296 voce
1979 2272 2129 2307 προστᾶσιν

194 2318 247 2334 uon
272 2309 327 2334 nisi
349 2308 384 2333 de
412 2307 621 2341 Trigintaviris,
650 2306 752 2341 quibus
780 2316 871 2332 rerum
897 2317 1002 2335 summa
1018 2311 1179 2343 commissa,
1200 2312 1238 2336 uti
1257 2311 1329 2338 licet.
1368 2313 1453 2347 Igitur
1467 2316 1580 2341 omnino
1596 2324 1649 2342 non
1667 2321 1712 2342 aut
1730 2317 1856 2351 imperite
1875 2325 1940 2343 usus
1958 2322 1999 2343 est
2018 2317 2125 2344 Pollux.

192 2353 402 2381 Emendandum
421 2359 505 2388 puto:
525 2354 704 2378 καταστᾶσιν.

237 2401 279 2436 (3)
319 2399 444 2426 Valesius
469 2400 605 2426 coniecit:
635 2408 683 2424 και
700 2399 756 2424 τῶν
774 2396 874 2424 ἕνδεκα
894 2400 940 2424 καὶ
960 2401 1012 2426 τῶν
1032 2401 1115 2433 δέκα,
1135 2408 1163 2429 ut
1182 2403 1252 2431 nihil
1268 2403 1383 2432 deesset.
1419 2405 1474 2433 Sed
1492 2415 1525 2433 ne
1544 2408 1606 2443 quis
1623 2408 1651 2434 in
1671 2417 1788 2436 errorem
1808 2409 1935 2437 inductus
1954 2409 2126 2437 Decemviros

192 2448 318 2472 sussectos
337 2447 528 2479 Trigintnviris
545 2445 701 2479 intelligat,
730 2446 803 2479 quod
824 2447 886 2471 fecit
905 2447 1048 2478 Reiskius,
1076 2449 1230 2480 addendum
1247 2451 1357 2476 fuisset:
1381 2453 1427 2476 καὶ
1447 2453 1503 2477 τῶν
1517 2454 1545 2478 ἓν
1562 2454 1692 2489 Πειραιεῖ
1710 2455 1847 2490 ἀρξάντων
1867 2455 1944 2480 δέκα.
1987 2456 2124 2492 Equidem

193 2494 263 2521 nihil
280 2493 426 2525 desider03
445 2492 589 2527 aequalem
600 2501 664 2518 vero
674 2491 824 2518 Andocidis
843 2494 988 2519 accuratius
1007 2503 1063 2520 rem
1082 2496 1285 2523 enuntiat-irum
1300 2498 1382 2524 fuisse
1401 2504 1476 2533 puto.
1514 2500 1638 2528 Alterum
1655 2503 1751 2529 vitium
1767 2504 1886 2529 sermoni
1904 2503 2023 2530 insidere
2041 2504 2120 2530 vide-

190 2548 242 2567 iur.
280 2540 362 2566 Attici
388 2538 494 2575 ubique
519 2538 589 2565 hanc
614 2547 709 2575 pacem
737 2538 830 2574 ὅρκοις
856 2539 992 2565 dixerunt.
1031 2540 1108 2576 Quod
1131 2548 1171 2568 est
1190 2543 1283 2570 foedus
1300 2545 1473 2573 iureiurando
1489 2549 1633 2575 sancitum.
1668 2548 1724 2577 Sed
1743 2549 1897 2578 Andocides
1913 2559 1983 2578 unus
1999 2550 2124 2578 hocloco

188 2587 320 2622 singulari
344 2591 370 2613 et
396 2586 497 2621 plurali
520 2587 674 2621 promiscue
701 2594 765 2612 usus
781 2593 830 2612 est.
867 2586 1011 2613 Caeterum
1028 2588 1198 2615 Decemviros
1213 2589 1329 2626 collegas
1348 2592 1592 2627 Trigintavirorum
1608 2600 1635 2621 et
1654 2596 1842 2632 Trigintaviris
1859 2598 1983 2636 suffectos
2000 2592 2123 2637 confudit

187 2636 270 2663 etiam
288 2633 380 2670 Nepos
399 2632 532 2669 Thrasyb.
551 2632 601 2660 111.
620 2633 645 2659 1.
