2277 2871
1021 127 1192 158 ,-..7,.-

130 229 250 274 μηδενὶ
291 231 390 267 τοῦτο
414 233 578 278 Υπαραστῇ
601 231 658 272 ὥς,
682 229 955 278 Ἐρατοσθένους
973 231 1237 283 κινδυνεύοντος
1256 259 1266 275 ,
1293 233 1512 278 Θηραμένους
1533 237 1726 281 κατηγορῶ·
1753 240 2073 284 πυνθανομαι,γάρ

131 293 241 325 ταῦτα
262 289 541 335 ἀπολογήσεσθαι
569 290 687 335 αὐτὸν,
704 294 760 329 ὅτι
784 294 926 335 ἐκείνοις
944 293 1044 339 φίλος
1069 292 1114 339 ἦν
1137 294 1196 329 καί
1218 297 1287 329 τῶν
1301 294 1414 329 αὐτῶν
1439 294 1549 340 ἔργων
1568 300 1713 344 μετεῖχε.
1741 298 1804 333 Ubi
1827 297 1972 340 ἐκείνοις
1988 300 2074 336 rodit

128 352 168 387 nd
194 352 427 398 Θηραμένους.
479 353 588 398 Quam
605 355 754 401 supinam
777 356 944 402 scriptoris
970 357 1203 403 negligentiam
1231 356 1386 404 equidem
1410 358 1530 404 corrigi
1556 359 1668 392 nolim.

176 415 216 446 In
229 415 357 458 Lysiam
378 425 442 447 non
463 421 652 459 congruunt
672 417 770 448 verba
797 418 826 459 §-
840 418 875 448 3.
901 417 967 456 ἐγὼ
983 419 1044 458 μὲν
1059 414 1134 456 οὖν,
1150 414 1175 448 ὦ
1187 417 1309 460 ἄνδρες
1325 418 1496 459 δικασταὶ,
1511 420 1584 451 οὔτ’
1599 423 1747 461 ἐμαυτοῦ
1763 424 1903 454 πώποτε
1917 425 1997 456 οὔτε
2011 424 2073 455 ἀλ·

128 474 247 516 λότρια
272 478 456 517 πράγματα
480 475 627 517 πράξας,
658 479 718 509 νῦν
747 479 960 519 ἠνάγκασμαι
983 479 1050 510 ὑπὸ
1074 480 1142 511 τῶν
1168 479 1405 521 γεγενημένων
1436 481 1559 512 τούτου
1590 487 1806 524 κατηγορεῖν.
1857 484 1986 527 Lysias,
2009 486 2070 529 qui

127 547 186 579 per
210 542 311 570 totam
335 538 432 570 vitam
459 538 620 571 orationes
642 539 786 582 scripsit,
812 537 934 583 quibus
958 544 1129 572 uterentur
1155 545 1279 573 actores
1301 546 1332 573 et
1359 540 1428 580 rei,
1453 540 1518 573 dici
1546 542 1661 587 nequit
1688 555 1796 588 neque
1809 554 1868 577 sua
1883 556 1945 578 nec
1958 535 2092 639 ὠίου,

129 597 260 643 negotia
287 597 428 641 gessisse.
478 597 630 632 Rhetoris
656 610 746 633 mens
770 605 814 632 est
836 599 961 643 Lysiam
987 611 1094 645 neque
1118 612 1211 633 suam
1233 612 1340 646 neque
1361 601 1500 634 aliorum
1527 613 1659 636 causam
1687 603 1788 637 ullam
1807 614 1919 638 coram
1943 604 2067 639 iudici·
2097 558 2106 628 l

126 657 188 693 bus
224 668 350 699 orasse,
389 665 423 693 ut
457 659 580 704 scripsit
616 661 646 704 §.
675 661 709 696 4.
736 660 792 692 καὶ
817 657 930 693 οὐδενὶ
958 662 1095 693 πώποτε
1122 661 1198 694 οὔτε
1226 663 1319 703 ἡμεῖς
1343 662 1418 694 οὔτε
1443 662 1570 701 ἐκεῖνος
1597 661 1698 706 δίκην
1724 665 1801 697 οὔτε
1828 663 2066 709 ἐδικασάμεθα

126 718 202 751 οὔτε
228 718 407 761 ἐφύγομεν.
438 719 521 768 ι86ιί
547 718 626 753 haec
649 721 807 754 sententia
831 720 963 754 Graecis
991 732 1054 754 non
1076 722 1170 755 inest.

177 780 208 822 §.
238 781 292 813 16.
320 780 523 822 (ἐφικόμενος
561 779 596 812 δὲ
630 782 675 817 εἷς
709 779 885 824 Ἀρχένεω
909 784 966 811 τοῦ
992 780 1184 823 ναυκλήρου
1211 782 1342 813 ἐκεῖνον
1366 782 1486 822 πέμπω
1514 785 1573 820 εἷς
1598 786 1725 824 ἄστυ,
1750 788 1961 826 πευσόμενον
1987 790 2063 827 περὶ

129 842 187 870 τοῦ
219 839 380 880 ἀδελφοῦ.
431 842 618 874 Archeneos
644 853 708 874 non
739 843 772 873 in
797 842 912 873 urbem
937 842 993 873 sed
1017 843 1048 873 in
1077 843 1247 874 Piraeeum
1275 843 1452 875 mittendus
1477 850 1556 876 erat.
1609 845 1661 876 Ibi
1689 847 1775 878 enim
1807 846 1977 879 habitabat
2004 849 2064 880 Po-

127 900 323 936 lemarchus.
349 913 378 934 v.
406 903 489 936 Plat.
513 904 608 946 Reip.
635 904 664 935 Ι.
689 904 771 935 328.
794 902 832 934 B.

179 962 210 1005 §.
240 963 296 998 18.
323 961 498 1004 Quomodo
537 963 663 1002 omnia,
704 962 849 1007 quaein
885 961 986 995 caede
1025 961 1230 995 Polemarchi
1266 962 1350 996 faeta
1386 969 1500 1005 erant,
1540 965 1621 998 scire
1658 966 1764 1010 potuit
1796 966 1901 1012 Lysias
1927 966 2066 1008 absens,

127 1022 272 1066 inprimis
297 1033 383 1067 quae
407 1028 583 1056 narrantur
603 1024 633 1067 §.
672 1025 724 1057 19.
775 1023 898 1056 Saltem
930 1027 1024 1055 testes
1047 1022 1234 1066 proferendi
1258 1029 1361 1056 erant.
1414 1024 1478 1057 Sed
1502 1031 1610 1058 noster
1633 1031 1725 1059 testes
1749 1027 1872 1071 profert
1896 1026 1938 1060 de
1965 1027 2062 1061 rebus
2083 1007 2100 1049 ’κ’
2155 1063 2171 1071 ,-

128 1093 208 1127 quas
244 1094 341 1117 nemo
379 1083 552 1128 ignorabat
589 1096 620 1118 v.
657 1085 688 1128 §.
723 1085 803 1124 61.‚
844 1084 948 1117 nullos
982 1094 1057 1116 vero
1093 1082 1133 1116 de
1159 1083 1275 1124 rebuS,
1308 1095 1388 1129 quas
1417 1086 1514 1129 pauci
1539 1086 1588 1119 vel
1608 1098 1704 1120 nemo
1732 1095 1913 1133 compertas
1940 1088 2063 1122 habero
2083 1099 2099 1117 Ξ·

127 1145 246 1188 potuit.
282 1144 380 1187 Quod
400 1146 508 1190 specie
528 1145 670 1190 quadam
698 1145 765 1179 veri
790 1155 944 1178 excusare
962 1143 1068 1177 studet
1095 1144 1126 1188 §.
1154 1145 1213 1179 33.

176 1207 206 1248 §.
233 1207 290 1239 24.
317 1206 616 1249 ἀναβιβασάμενος
638 1199 777 1238 δἀῧτὸν
805 1204 969 1249 βούλομαι
997 1203 1148 1247 ἐρέσθαι.
1173 1223 1220 1230 -—-
1246 1204 1400 1249 ἀνάβηθι
1424 1201 1484 1237 οὖν
1506 1218 1562 1247 μοι
1590 1209 1646 1238 καὶ
1670 1207 1856 1251 ἀπόκριναι
1879 1210 1934 1241 ὅτι
1955 1213 2003 1242 ἄν
2024 1221 2058 1242 σε

127 1264 253 1307 ἐρωτῶ.
290 1267 330 1300 In
355 1266 512 1301 Oratione
535 1268 569 1299 in
587 1267 768 1311 Aguratum
793 1267 823 1309 §.
849 1267 908 1299 30.
935 1271 1061 1298 tantum
1081 1265 1266 1308 ἀπόκριναι
1293 1264 1333 1306 δή
1360 1277 1428 1307 μοι,
1455 1266 1563 1299 nullae
1582 1278 1658 1300 vero
1683 1270 1891 1312 quaestiones
1927 1276 1985 1303 aut
2013 1282 2065 1303 re·

124 1337 239 1371 sponsa
268 1326 380 1361 addita
403 1333 497 1368 sunt,
530 1327 585 1360 sed
620 1327 754 1367 lacuna,
788 1332 825 1359 ut
856 1327 891 1359 in
925 1326 1115 1360 testimoniis
1144 1326 1258 1359 allatis.
1309 1327 1370 1358 llic
1403 1337 1476 1358 vero
1505 1328 1536 1371 §.
1564 1328 1622 1361 25.
1661 1327 1882 1361 Eratosthenis
1910 1340 2063 1374 responsa

124 1389 239 1421 inserta
277 1394 374 1428 sunt,
402 1398 502 1432 quem
521 1387 694 1432 quodlibet
716 1386 966 1431 respondentem
989 1387 1096 1419 facere
1123 1388 1229 1431 potuit
1258 1387 1387 1420 Orator.
1439 1388 1585 1431 Dignum
1609 1387 1673 1421 hoc
1695 1389 1855 1430 Platone,
1883 1391 1941 1434 qui
1966 1395 2003 1422 ut
2028 1392 2063 1423 in

125 1448 285 1493 dialogis,
321 1449 366 1482 ita
391 1449 424 1482 in
458 1449 619 1493 Apologia
654 1459 755 1493 quam
789 1448 915 1481 Socrati
940 1448 1052 1482 tribuit
1077 1448 1225 1481 fictitiam
1251 1460 1285 1493 p.
1303 1449 1359 1482 18.
1386 1448 1425 1482 D.
1453 1447 1608 1482 Meletum
1623 1455 1872 1490 accusatorem,
1897 1451 2020 1484 iussum
2043 1463 2063 1483 a

128 1520 182 1542 reo
205 1510 240 1542 in
262 1515 452 1555 suggestum
475 1510 618 1555 prodire,
646 1509 890 1555 quaestionibus
911 1509 952 1542 ad
978 1510 1091 1542 incitas
1114 1508 1262 1554 redegit,
1283 1515 1320 1542 ut
1340 1509 1483 1541 Socrates
1505 1510 1540 1542 in
1561 1509 1627 1543 fine
1652 1509 1887 1555 gloriabundus
1899 1509 2063 1544 subiicere

124 1572 287 1615 potuerit:
308 1572 406 1614 ὁρᾷς,
426 1567 451 1604 ὧ
474 1570 632 1613 Μέλητε,
658 1571 710 1604 ὅτι
735 1573 832 1613 σιγᾷς
853 1571 910 1603 καὶ
930 1569 1028 1603 οὐδὲν
1050 1569 1137 1614 ἔχεις
1165 1571 1286 1604 εῖπεῒν.
1324 1570 1471 1604 Alterum
1498 1570 1596 1604 huius
1618 1572 1664 1605 rei
1688 1572 1877 1617 exemplum
1890 1572 1978 1618 apud
1993 1573 2056 1618 Ly-

124 1633 202 1665 siam
236 1632 272 1664 in
298 1632 389 1666 Orat.
415 1632 525 1665 XXII.
551 1635 582 1665 5.
609 1631 665 1663 noti
691 1634 826 1672 πρῶτον
852 1633 914 1672 μὲν
939 1631 1097 1674 ἀνάβηθι
1127 1631 1183 1662 καὶ
1211 1632 1282 1663 εἰπὲ
1310 1631 1347 1663 σύ
1371 1629 1457 1671 ἐμοὶ,
1484 1630 1638 1671 μέι-οικο,Ί
1665 1628 1718 1671 εἷς
1746 1634 1901 1676 responsis
1924 1633 2057 1667 additis-

121 1692 196 1732 Quo
222 1698 255 1725 et
277 1693 346 1735 ipsa
372 1692 454 1725 haec
478 1694 583 1725 oratio
607 1691 688 1725 mihi
712 1697 857 1735 suspecta
881 1698 930 1725 est
958 1690 1023 1737 (1).

171 1753 202 1795 §.
231 1753 289 1786 34.
316 1750 440 1793 ῥᾳδίαν
467 1752 547 1793 ὑμῖν
572 1753 633 1792 τὴν
658 1749 919 1793 διαψήφισιν
938 1752 1013 1794 περὶ
1035 1751 1136 1784 αὑτοῦ
1159 1751 1332 1794 πεποίηκε.
1384 1750 1538 1785 Indicum
1565 1750 1606 1785 de
1634 1763 1688 1785 reo
1715 1757 1762 1785 est
1787 1751 1908 1795 κρίσις.

169 1815 200 1856 §.
227 1814 287 1847 36.
312 1812 373 1845 οὐκ
408 1816 479 1855 ἄρα
517 1815 577 1856 χρὴ
616 1812 739 1850 αὐτούς
775 1812 833 1844 καί
869 1812 963 1849 τούς
998 1809 1155 1849 παῖδας
1188 1809 1244 1853 ὑφ’
1282 1811 1376 1853 ὑμῶν
1400 1813 1474 1849 ταῖς
1494 1811 1652 1855 ἐσχάταις
1673 1810 1809 1854 ζημίαις
1829 1810 2051 1851 κολάζεσθαι.

120 1874 244 1907 lterum
283 1875 314 1917 ς.
347 1874 406 1907 83.
446 1875 474 1905 εἰ
507 1872 630 1910 αὐτούς
654 1872 891 1906 οἷποκτείνοιτε
916 1874 971 1905 καὶ
1000 1873 1077 1910 τούς
1103 1870 1229 1910 παῖδας
1249 1871 1376 1907 αὐτῶν.
1429 1872 1498 1905 Hoc
1523 1872 1681 1913 nimium,
1709 1883 1771 1906 nec
1794 1873 1932 1907 Athenis
1956 1874 2052 1908 liberi

119 1940 224 1968 morte
248 1934 384 1967 luebant
408 1944 527 1979 poenas
550 1934 735 1967 facinorum
759 1945 777 1966 a
804 1933 994 1978 parentibus
1018 1939 1230 1978 patratorum.

169 1998 201 2040 §.
226 1997 286 2030 89.
311 1999 382 2028 τῶν
415 1994 531 2029 ἄλλων
563 1994 775 2036 “Ελλη’νων
805 1993 946 2027 πλεῖστα
985 1996 1032 2033 εἷς
1068 1995 1153 2035 ὑμᾶς
1190 1993 1420 2037 ἐξημάρτηκεν
1447 1993 1714 2036 Ἐρατοσθένης.
1765 1995 1837 2028 Hoc
1869 1993 2006 2029 Athenis
2031 2009 2049 2028 a

118 2058 250 2091 nemine
272 2056 338 2090 dici
365 2058 484 2101 potuit.
1380 2055 1381 2058 ’

168 2119 197 2163 §.
225 2119 283 2152 98.
310 2116 383 2150 οὔτ’
419 2117 465 2150 ἂν
506 2118 575 2160 ἱερὰ
604 2117 680 2150 οὔτε
706 2116 812 2160 βωμοὶ
835 2116 920 2157 ὑμᾶς
944 2113 1254 2157 ἀδικουμένους
1281 2113 1337 2148 διὰ
1361 2115 1438 2153 τούς
1463 2115 1595 2148 τούτων
1621 2116 1765 2158 τρόπους
1792 2113 1987 2158 ὠφέλησαν,
2025 2118 2047 2149 ἀ

118 2178 176 2211 καὶ
203 2181 293 2216 τοῖς
318 2176 513 2211 ἀδικοῦσι
537 2180 682 2221 σωτήρια
704 2178 851 2218 γίνεται.
888 2177 1048 2210 Antitheti
1070 2176 1176 2210 studio
1202 2176 1321 2209 ductus
1345 2175 1469 2209 Rhetor
1493 2176 1619 2220 scripsit
1644 2176 1750 2209 minus
1778 2187 1866 2210 vera.
1890 2176 2047 2210 Sontibm

122 2238 234 2279 enim,
270 2239 329 2284 qui
364 2238 408 2273 ad
443 2250 512 2272 aras
537 2238 775 2284 confugerant,
803 2237 932 2271 nullum
953 2236 999 2270 ibi
1024 2236 1233 2282 praesidium.
1258 2236 1308 2270 cf.
1335 2235 1441 2270 Thue.
1466 2237 1526 2272 IV.
1552 2237 1612 2270 98.
1639 2237 1707 2269 τῶν
1729 2235 1900 2268 ἀκουσίων
1926 2234 2047 2279 ἀδικη-

118 2300 233 2340 μάτων
263 2302 468 2342 καταφυγὴν
495 2296 583 2334 εἶναι
608 2299 686 2338 τούς
710 2299 852 2345 βωμούς.
902 2299 1030 2344 Lysiam
1055 2299 1163 2332 minus
1184 2302 1339 2332 accurate
1358 2297 1505 2331 locutum
1533 2297 1659 2331 censuit
1680 2297 1901 2332 Schoemann.
1928 2298 2045 2345 Antiq.

115 2371 150 2406 p.
178 2360 261 2394 376.
292 2360 348 2394 15.

183 2451 226 2486 (1)
267 2450 357 2477 Oratio
384 2460 439 2477 non
462 2456 502 2478 est
525 2451 674 2477 multorum
694 2458 831 2477 versuum.
865 2449 952 2483 Igitur
978 2458 1093 2475 numero
1119 2457 1203 2484 pauca
1225 2455 1287 2475 sunt
1302 2452 1476 2483 argumenta,
1496 2446 1598 2482 quibu·
1613 2445 1684 2474 mihi
1698 2452 1801 2474 constat
1815 2446 1885 2474 hane
1897 2446 2048 2473 orationem

118 2500 238 2534 spun‘am
247 2507 317 2525 esse.
337 2498 419 2525 Attici
434 2507 489 2524 non
507 2504 621 2525 utuntur
634 2496 765 2525 vocabulo
782 2496 930 2523 σιτοπῶλαι
948 2495 995 2523 sed
1009 2496 1121 2523 outfimt
1140 2495 1223 2532 idque
1243 2496 1363 2532 proprie,
1379 2500 1411 2522 ut
1427 2493 1589 2530 intelligitur
1597 2503 1633 2521 ex
1642 2494 1730 2522 verbis
1746 2494 1849 2531 quibus
1861 2493 1896 2521 de
1912 2494 1947 2521 ii·
1961 2494 2048 2522 utitur

118 2544 223 2574 Rham
238 2546 480 2573 σιννοκῖσθωτὸν
494 2549 570 2572 σῖτον
589 2545 618 2580 §.
637 2545 663 2572 6.
681 2550 709 2572 et
729 2544 920 2580 συμπρίασθαι
939 2545 967 2579 §.
986 2545 1010 2571 7.
1032 2544 1133 2571 Rhetor
1150 2543 1178 2578 §.
1197 2544 1224 2571 2.
1239 2549 1373 2571 memorat
1390 2544 1465 2573 τινὰς
1480 2543 1536 2568 τόν
1553 2541 1673 2579 §meon
1693 2542 1722 2577 ς.
1739 2542 1767 2567 2.
1802 2541 1873 2568 Novi
1888 2546 2005 2567 «atores
2018 2542 2048 2567 in

116 2593 252 2627 comitiis,
280 2594 310 2620 in
334 2598 427 2620 senatu
452 2602 508 2620 non
532 2594 618 2627 item,
644 2601 731 2629 quum
753 2596 887 2618 senatores
909 2596 979 2618 sorte
1003 2591 1168 2627 legerentur.
1195 2591 1222 2626 §.
1241 2591 1268 2617 7.
1283 2584 1362 2620 οὗτος
1377 2589 1426 2622 μὲν
1444 2589 1572 2624 ὁμολογεῖ
1589 2605 1625 2610 -
1641 2589 1806 2625 ψεύδονται,
1841 2588 1920 2617 Unde
1935 2593 2046 2625 repente

122 2640 231 2667 numeri
246 2639 382 2667 mutatio?
419 2639 453 2666 Et
468 2640 640 2675 quaestiones
661 2640 690 2665 iu
709 2638 884 2666 Dardanarios
899 2638 968 2665 mihi
987 2639 1171 2666 Romanorum
1186 2639 1297 2674 imperii
1314 2644 1428 2666 aetatem
1444 2638 1544 2665 referre
1561 2637 1699 2673 videntur.
