2342 2844
128 2519 146 2557 Ἁὶ·

174 289 191 332 ΙΙ

192 502 196 521 l

192 528 194 535 x

1107 136 1275 168 —2—

220 248 268 288 τῷ
293 244 355 287 ἰ’σῳ
381 247 530 287 τάγματι
557 247 628 282 τοῖς
654 243 835 285 πολίταις,
869 247 926 276 καὶ
955 245 991 277 τὸ
1017 245 1079 286 μὲν
1105 244 1279 286 μετοίκιον
1302 244 1345 284 μὴ
1372 240 1491 283 τελῶν,
1516 244 1633 274 πάντα
1657 239 1726 274 δὲ
1715 239 1803 285 ἔχων
1827 241 1868 272 τὰ
1891 238 1980 272 αὐτὰ
2006 242 2078 278 τοῖς
2091 252 2152 272 πο-

219 305 346 347 λίταις,
370 304 461 348 πλὴν
488 308 545 339 τοῦ
570 308 701 350 ἄρχειν,
726 317 831 351 quum
858 306 997 339 nimium
1022 305 1190 350 probetur,
1214 304 1373 350 probatur
1398 302 1490 337 nihil.
1541 301 1705 355 Tribubus
1730 308 1762 335 et
1782 302 1883 353 pagis
1899 312 1980 349 non
1982 299 2156 352 adscribe·

217 369 337 420 ὺιᾞιυτ
371 365 554 417 ἶσοτελεῖς,
588 368 691 412 iisque
721 367 803 399 adeo
838 378 946 411 neque
982 366 1175 409 suffragium
1209 367 1242 397 in
1277 365 1414 397 comitiis
1438 364 1521 396 ferre
1544 375 1651 408 neque
1651 349 1714 395 ad
1732 350 1975 406 rempublicam
1997 360 2155 394 accedere

216 428 350 461 licebat.
401 428 467 460 Nec
500 438 590 460 error
623 433 772 468 tantum,
807 428 863 460 sed
895 428 1008 460 erroris
1038 428 1136 460 etiam
1172 427 1241 459 sons
1268 426 1438 458 monstrari
1460 430 1574 469 potest.
1624 422 1779 457 Confudit
1817 433 1935 467 nempe
1961 422 2156 456 Ammonius

218 489 396 533 inquilinos
435 486 594 524 ἷσοτελεῖς
628 494 660 521 et
693 489 778 521 cives
809 487 970 527 adscitos,
1010 486 1270 529 δημοποιήτους.
1322 487 1378 519 His
1413 486 1520 519 omnia
1559 486 1629 518 iura
1669 484 1777 517 civilia
1812 482 2063 523 tribuebantur,
2098 482 2155 516 sed

193 548 416 582 =arcebantur
446 550 636 592 magistratu
670 560 786 581 novem
827 548 1041 587 archontum,
1082 548 1172 593 quod
1209 558 1274 580 non
1310 552 1413 580 essent
1447 546 1482 578 ἐκ
1516 546 1690 587 τριγονίας
1728 545 1826 579 cives.
1887 544 1951 583 Et,
1990 549 2027 576 ut
2064 544 2155 587 paria

219 619 471 653 componamus,
518 609 591 653 quis
640 609 673 640 in
717 608 780 641 hoc
817 608 947 641 nomine
985 605 1166 644 ΐσοτελείας
1202 607 1299 640 aliam
1338 604 1577 651 interpretandi
1619 606 1778 638 rationem
1817 603 2019 649 probandam
2059 609 2154 648 putet

220 680 319 713 quam
358 669 391 700 in
430 666 585 704 ἀτελείας
626 675 658 701 et
697 667 891 704 συντελείας
930 668 1144 701 nominibus?
1206 667 1468 711 Harpocrationis
1494 677 1627 710 quoque
1652 664 1769 698 verba:
1803 662 1981 696 ῗσοτέλεια·
2002 666 2080 704 τιμή
2103 676 2155 701 τις

221 728 383 769 διδομένη
410 731 480 764 τοῖς
507 727 616 764 ἀξίοις
645 732 778 768 φανεῖσι
808 730 876 760 τῶν
902 728 1082 768 μετοίκων,
1109 727 1190 759 καθ’
1216 729 1259 767 ἣν
1287 728 1344 759 καὶ
1369 730 1391 767 ἠ
1418 728 1475 759 τοῦ
1502 726 1674 767 μετοικίου
1700 727 1820 765 ἄφεσις
1847 723 1961 760 αὐτοῖς
1986 723 2153 763 ἐγίγνετο,

221 803 264 825 ως
300 789 431 826 Λυσίας
470 790 505 820 ἐν
546 791 590 829 τῷ
614 790 696 830 πρὸς
725 790 935 828 Σώστρατον
963 789 1102 831 ὕβρεως,
1133 789 1162 820 εἰ
1188 790 1337 828 γνήσιος·
1363 787 1415 818 ὅτι
1447 785 1482 818 δὲ
1510 787 1566 817 καὶ
1593 787 1661 818 τῶν
1686 783 1814 825 ἄλλων,
1843 776 1893 816 ὧν
1923 784 2094 827 ἔπραττον
2123 785 2155 816 οἱ

222 849 395 889 μέτοικοι,
422 850 546 889 ἄφεσιν
573 844 663 891 εἶχον
692 849 723 879 οἱ
751 848 929 889 ἵσοτελεῖς,
958 849 1171 891 Θεόφραστος
1198 848 1332 890 εἴρηκεν
1360 848 1396 880 ἐν
1423 845 1590 889 ἑνδεκάτῃ
1618 849 1686 878 τῶν
1713 847 1855 887 Νόμων,
1874 843 1924 890 (1)
1954 846 1997 878 ita
2011 844 2156 878 mihivi-

224 911 344 942 dentur
371 908 579 952 explicanda,
610 914 645 941 ut
673 910 799 941 remissa
826 910 864 942 iis
892 910 988 942 fuisse
1011 912 1247 951 σκαφηφόρων,
1274 907 1523 950 σκιαδηφόρων,
1550 905 1764 949 ὑδριαφόρων
1787 906 1964 939 ministeria
1987 906 2156 940 tradiderit

223 969 481 1013 Theophrastus3
520 969 647 1001 nullum
686 980 761 1001 vero
786 970 947 1003 tributum
974 971 1074 1002 fuerit
1100 971 1160 1002 ius.
1212 971 1299 1002 Haec
1327 970 1413 1003 enim
1440 968 1617 1001 ministeria
1643 968 1685 1000 ab
1711 968 1878 1012 inquilinis
1909 978 1974 1000 non
2000 968 2153 1011 praestita

226 1037 256 1061 et
291 1031 463 1070 μετοίκιον
494 1040 558 1062 ιιοιι
592 1031 735 1062 solutum
763 1041 826 1062 una
854 1030 1034 1074 eademque
1060 1031 1186 1062 actione
1213 1029 1504 1073 persequebantur.
1555 1029 1604 1062 Cf.
1632 1029 1747 1061 Pollux
1774 1030 1838 1061 111.
1867 1030 1925 1062 57.
1951 1026 2156 1061 ἀδιάτακτοι

227 1089 262 1122 δὲ
300 1088 485 1122 καλοῦνται
519 1089 551 1120 οἱ
587 1090 629 1129 μὴ
660 1087 924 1131 ἐγγεγραμμένοι
954 1092 999 1127 εἷς
1027 1091 1104 1127 τούς
1131 1090 1307 1130 μετοίκους
1334 1087 1424 1129 δέον,
1450 1091 1471 1129 ἦ
1497 1090 1539 1130 μὴ
1568 1087 1742 1126 τελοῦντες
1770 1089 1807 1121 τὸ
1834 1089 2019 1129 μετοίκιον,
2046 1090 2067 1129 ἤ
2092 1090 2156 1130 τὴν

226 1154 356 1191 σκάφην
394 1153 437 1190 μὴ
476 1149 656 1191 φέροντες,
697 1150 753 1186 οὓς
790 1148 828 1189 δὴ
865 1152 1085 1192 γραψάμενος
1121 1162 1171 1186 τις
1205 1150 1274 1183 τῶν
1299 1147 1515 1182 οἱδιατάκτων
1543 1145 1631 1182 εἶναι
1658 1148 1851 1192 διήλεγχεν.
1903 1149 2045 1183 Unicum
2072 1150 2157 1189 iam,

229 1210 319 1255 quod
348 1211 515 1250 noverim,
544 1210 695 1243 relictum
721 1216 767 1243 cst
793 1210 976 1243 contrariae
1003 1211 1183 1243 sententiae
1210 1209 1396 1253 probandae
1423 1216 1656 1255 argumentum
1682 1210 1715 1243 in
1742 1211 1828 1244 Xeu.
1854 1209 1939 1244 Heli.
1966 1210 2011 1243 11.
2040 1211 2072 1244 4.
2098 1211 2157 1244 25.

228 1270 308 1311 πρὶν
345 1268 380 1302 δὲ
418 1268 541 1311 ἡμέρας
570 1267 653 1302 δέκα
679 1268 865 1309 γενέσθαι,
898 1270 999 1301 πιστά
1029 1267 1164 1309 δόντες,
1192 1270 1317 1306 οἵτινες
1344 1267 1649 1310 ξυμπολεμήσιιαν,
1677 1269 1735 1302 καὶ
1762 1270 1791 1302 εἰ
1817 1267 1910 1306 ξένοι
1937 1265 2018 1309 εἷεν,
2047 1269 2158 1302 ἰσοτέ-

226 1329 323 1362 λειαν
351 1329 507 1369 ἔσεσθαι,
536 1328 677 1371 ἐξῄεσαν
704 1327 824 1360 πολλοὶ
850 1330 913 1370 μὲν
939 1327 1097 1370 ὁπλῖται,
1124 1327 1245 1361 πολλοὶ
1271 1327 1307 1362 δὲ
1329 1332 1507 1371 γυμνῆτες.
1558 1330 1604 1363 Ex
1631 1341 1697 1375 quo
1724 1330 1797 1364 loco
1817 1330 1903 1364 effici
1929 1331 2096 1379 possit
2053 1331 2159 1363 ἰσοτε-

166 1416 175 1428 ⁴
227 1390 276 1422 λε’
265 1403 318 1427 zac
352 1401 487 1424 munere
519 1401 586 1423 non
620 1401 719 1422 uuam
746 1390 833 1435 illam
860 1390 1033 1430 μετοικίου
1058 1390 1203 1423 solvendi
1231 1391 1470 1438 remissionem,
1496 1390 1552 1424 sed
1578 1392 1687 1434 plures
1712 1393 1810 1424 etiam
1834 1390 1974 1424 tributas
1999 1402 2064 1424 esse
2090 1392 2158 1424 im-

228 1437 414 1483 munitates.
469 1436 533 1482 sed
573 1456 728 1493 corrupta
764 1455 840 1483 sunt
872 1449 1099 1494 Xenophontis
1135 1450 1246 1485 verba.
1296 1451 1425 1484 Civibus
1459 1452 1546 1485 enim
1574 1451 1629 1485 hic
1654 1450 1759 1485 honor
1783 1451 1898 1485 haberi
1933 1462 2000 1484 non
2038 1453 2156 1495 potuit.

227 1511 272 1543 De
307 1510 428 1554 quibus
467 1511 606 1544 maxime
640 1522 822 1544 sermonem
849 1523 913 1545 esse
940 1518 1028 1555 patet
1053 1524 1090 1545 ex
1119 1511 1223 1546 verbis
1249 1511 1382 1546 additis:
1410 1513 1467 1545 καὶ
1493 1513 1521 1544 εἰ
1548 1511 1640 1550 ξένοι
1667 1508 1750 1548 εἶεν.
1800 1511 2057 1557 Corrigendum:
2086 1514 2158 1545 ἶσο-

227 1568 419 1606 ιτολιτείαν.
438 1569 489 1617 (2)

274 1632 313 1663 In
339 1633 409 1675 ipso
433 1632 523 1676 L3sia
548 1632 658 1676 plures
680 1638 755 1665 sunt
783 1632 955 1665 dubitandi
979 1642 1105 1666 causae.
1158 1633 1302 1675 Quidni,
1329 1638 1457 1685 mature
1485 1632 1634 1674 ἰσοτελής
1660 1634 1781 1674 factus,
1787 1634 1978 1685 autprius
1978 1639 2157 1679 autposte-

229 1695 293 1725 iius
302 1703 438 1736 causas
456 1694 545 1742 ipse..
552 1695 673 1742 oravit,
701 1694 757 1726 sed
783 1695 942 1726 orationes
966 1696 1117 1738 scripsit?
1154 1695 1344 1728 Orationem
1355 1680 1525 1740 Γιιιιίᾱοιη
1527 1701 1635 1739 postca
1655 1696 1844 1739 inscriptam
1868 1697 1944 1736 περὶ
1969 1697 2038 1728 τῶν
2059 1688 2156 1729 ιδίων

227 1753 424 1793 ευεργεσιῶν
452 1753 475 1786 ι’.
490 1764 521 1787 e.
549 1765 608 1797 pro
635 1754 706 1797 lege
731 1755 797 1786 lata
824 1766 843 1786 a
870 1754 1068 1798 Thras3bulo
1082 1755 1122 1788 de
1137 1756 1248 1800 Lysia,
1275 1757 1401 1788 utcivis
1414 1762 1515 1796 esset,
1534 1756 1577 1787 ab
1603 1757 1672 1800 ipso
1699 1755 1846 1788 habitam
1873 1767 1938 1788 esse
1963 1767 2062 1790 nemo
2088 1768 2158 1790 me·

231 1814 351 1845 moriae
388 1812 545 1855 prodidit.
598 1814 708 1857 Lysiae
741 1815 903 1858 inquilino
935 1815 1122 1848 mandatum
1149 1816 1245 1849 fuisse
1271 1816 1402 1859 publice
1429 1821 1463 1849 ut
1487 1817 1633 1866 oratione
1657 1816 1790 1850 funebri
1816 1817 1965 1867 laudaret
1989 1819 2075 1851 cives
2099 1818 2159 1851 At-

227 1874 302 1905 ticos
328 1874 361 1905 in
389 1872 476 1906 bello
503 1873 710 1921 Corinthiaco
735 1885 863 1914 caesos,
890 1874 1002 1924 idque
1016 1887 1122 1921 aequo
1148 1877 1258 1909 animo
1284 1877 1392 1909 tulisse
1418 1882 1561 1909 oratores
1585 1877 1671 1909 cives
1696 1877 1783 1910 illius
1811 1863 1943 1918 aetatis,
1970 1879 2021 1912 vix
2039 1866 2159 1912 credi-

227 1933 303 1966 bile.
359 1919 470 1974 Quare
507 1934 566 1978 qui
604 1935 785 1967 orationem
823 1935 932 1979 Lysiae
965 1935 1135 1976 tribuunt,
1184 1926 1408 1969 scholasticam
1444 1947 1510 1969 esse
1544 1935 1831 1987 declamationem
1849 1928 1995 1972 statuant
2031 1949 2161 1974 necesse

199 1997 202 2005 ’
228 2000 283 2028 est.
303 1992 356 2039 (3)
411 1995 538 2027 Socrati
576 2000 683 2038 postea
718 1995 825 2039 L3sias
855 1996 1034 2039 scriptam
1060 1998 1257 2030 orationem
1282 1998 1425 2030 attulisse
1451 1982 1573 2037 fertur,
1600 2008 1666 2042 qua
1692 2009 1751 2042 pro
1776 2010 1809 2032 se
1833 2000 1867 2032 in
1892 1986 2018 2034 iudicio
2043 2006 2159 2034 utere-

200 2099 201 2103 Ἰ
229 2062 294 2089 tur.
323 2054 428 2089 Cicer.
459 2054 498 2088 de
523 2054 581 2089 Or.
603 2055 631 2088 Ι.
654 2056 713 2089 54.
735 2057 818 2090 231.
869 2055 961 2090 Idem
976 2057 1038 2090 alio
1053 2057 1125 2090 loco
1138 2058 1231 2090 Brut.
1246 2058 1305 2092 tx.
1321 2057 1516 2102 35.Lysiam
1529 2057 1607 2091 dicit
1622 2059 1744 2102 ipsum
1756 2059 1899 2105 quidem
1911 2061 1953 2094 iu
1965 2060 2161 2107 eaueiefo-

193 2136 197 2151 ι,
228 2115 390 2149 rensibus
416 2126 485 2149 non
511 2121 710 2156 versatum,
746 2116 801 2149 sed
829 2118 959 2162 egregie
985 2118 1138 2151 subtilem
1164 2119 1387 2163 scriptorem.
1437 2118 1533 2161 Quod
1558 2130 1633 2152 vero
1655 2119 1702 2152 ib.
1726 2121 1818 2156 XVI.
1834 2122 1894 2157 63.
1907 2122 2034 2167 scripsit
2046 2122 2160 2156 Cicero

223 2178 348 2221 Lysiam
362 2177 500 2211 Athenis
513 2188 579 2211 esse
602 2183 634 2211 et
654 2183 769 2212 natum
787 2184 819 2211 et
841 2185 1008 2212 mortuum
1028 2185 1060 2212 et
1076 2179 1249 2224 fimctum
1275 2181 1372 2231 orgom'
1397 2181 1531 2214 civium
1556 2192 1715 2222 munere,
1743 2183 1828 2216 male
1852 2183 2087 2227 interpretatus
2112 2190 2158 2217 est

271 2345 314 2377 (1)
353 2345 481 2380 llarpocr.
510 2354 536 2370 v.
561 2345 752 2381 Σκαφηφόροι.
781 2347 937 2380 Δημὴιριος
960 2348 989 2371 ἓν
1014 2348 1098 2382 τρίτῳ
1116 2348 1291 2378 Νομοθεσοάς
1309 2348 1389 2381 φησὶν
1408 2349 1453 2374 ὅτι
1471 2349 1655 2385 προςὲιαττεν
1673 2349 1687 2374 ὅ
1706 2350 1787 2381 νόμος
1804 2356 1862 2380 τοῖς
1879 2353 2016 2384 μετοίκοις
2042 2353 2071 2377 ἐν
2097 2357 2159 2381 ταῖς

226 2395 346 2423 πομπαῖς
365 2392 470 2421 αὐτοὺς
488 2391 538 2423 μὲν
555 2392 659 2423 audead
677 2394 777 2428 φέρειν,
798 2395 848 2422 τὰς
866 2393 898 2418 δὲ
918 2394 1077 2429 θυγατέρας
1096 2394 1189 2420 αὐτῶν
1208 2394 1309 2430 {idedu
1329 2395 1376 2420 καὶ
1394 2394 1533 2422 exarmata.
1552 2396 1707 2423 διείλεκται
1724 2397 1789 2434 περὶ
1814 2398 1920 2426 τούτων
1952 2398 1999 2425 καὶ
2028 2398 2158 2435 Θεόφρα-

225 2447 285 2468 στος
302 2439 331 2464 ἐς
349 2439 390 2474 τῷ
409 2439 520 2474 δεκάτῳ
538 2440 595 2466 τῶν
612 2440 724 2471 Νόμων.
761 2439 880 2474 Utroque
898 2439 957 2465 loco
975 2441 1031 2465 sive
1052 2440 1161 2474 δεκάτῳ
1179 2441 1235 2467 nive
1255 2441 1395 2475 ἑνδεκάτῳ
1412 2441 1457 2467 vel
1475 2442 1612 2479 ἑνδεκάτῃ
1630 2443 1816 2471 scribendum.

290 2487 334 2522 (2)
370 2486 444 2515 lbid.
473 2487 489 2522 ᾗ
516 2487 563 2514 23.
592 2487 649 2514 ὅσοι
676 2485 708 2513 δὲ
732 2487 875 2513 ἐπίσιευον
899 2486 987 2521 μηδὲν
1012 2487 1189 2521 ἠδικηκέναι,
1211 2488 1350 2528 efflei-33
1353 2489 1554 2528 gaegffoZ—iffiwro
1575 2491 1624 2517 καὶ
1641 2492 1707 2521 τοὺς
1721 2491 1823 2533 &Q
1830 2492 2001 2536 {dadacum
2022 2492 2056 2524 ὃς
2073 2493 2158 2521 οὐδὲν

226 2535 332 2561 δέοιντο
353 2534 458 2561 τούτων
475 2534 531 2559 τῶν
549 2535 654 2564 κακῶν,
676 2533 723 2558 καὶ
742 2543 783 2558 το
776 2538 799 2561 ς
816 2543 965 2569 τριακονια
985 2534 1034 2559 οὐκ
1051 2534 1155 2564 ἔφασαν
1169 2537 1270 2571 χρῆναι
1288 2536 1446 2564 πείθεσθαι
1455 2544 1612 2574 corruptum
1622 2540 1825 2568 εεῑέπίστευον,
1844 2540 1985 2577 Corrigflm
1993 2541 2157 2576 ἤπίσιαςτο.

291 2581 333 2615 (3)
372 2580 500 2607 Scholam
526 2580 650 2607 redolent
677 2581 760 2607 verba
785 2580 801 2613 §
822 2581 849 2606 2.
876 2582 944 2612 ὅμως
963 2581 994 2607 δὲ
1014 2581 1027 2606 ὁ
1046 2581 1095 2613 μὲν
1114 2582 1192 2615 λόγος
1209 2593 1257 2614 μοι
1274 2584 1339 2619 περὶ
1357 2584 1471 2615 τούτων,
1493 2584 1506 2609 ὁ
1527 2585 1554 2610 δ’
1576 2585 1651 2618 ἀγὼν
1669 2587 1701 2613 οὐ
1720 2589 1787 2623 πρὸς
1804 2589 1841 2614 τὰ
1859 2589 1965 2616 τούτων
1983 2589 2064 2625 ἔργα,
2085 2589 2156 2616 ἀλλὰ

224 2628 291 2664 πρὸς
310 2628 376 2658 τοὺς
394 2627 528 2665 πρότερον
547 2628 591 2655 ἐπ’
614 2637 694 2656 awo
687 2633 709 2658 ς
729 2627 884 2664 εἰρηκότας.
921 2629 987 2657 Mihi
1005 2630 1088 2657 oratio
1106 2639 1161 2657 non
1180 2640 1194 2658 a
1215 2630 1293 2667 Lysia
1310 2631 1418 2660 videtur
1436 2632 1533 2670 scripta
1551 2641 1618 2661 esse.
