2308 2871
1033 148 1204 182 —5-

156 255 239 290 sules
275 255 374 300 igitur
400 254 535 288 fuerunt
566 255 795 300 Trigintaviri3
830 257 886 302 qui
925 258 1013 291 enim
1048 257 1120 291 fieri
1155 259 1264 302 potuit
1302 263 1339 290 ut
1376 257 1520 303 reliquae
1557 256 1717 291 Graeciae
1742 255 1889 290 civitates
1910 266 1965 289 eos
1991 266 2089 301 agro-

153 327 228 350 rum
253 315 372 349 finibus
391 315 510 349 cedere
534 315 697 359 iuberent,
722 318 782 350 nisi
807 318 1014 352 exsulantes?
1064 319 1137 351 Jam
1166 329 1239 352 vero
1265 317 1355 364 quod
1382 319 1507 364 scripsit
1532 319 1563 363 ς.
1590 319 1649 351 80.
1678 315 1759 360 μηδ’
1781 316 1906 349 ἀποῦσι
1930 318 1993 358 μὲν
2017 320 2089 353 τοῖς

150 379 338 419 τριάκοντα
361 374 618 420 ἐπιβουλεύετε,
645 379 818 421 παρόντας
844 377 998 421 δὀὶφῆτε·
1019 378 1102 422 μηδὲ
1129 382 1186 421 τῆς
1213 379 1335 424 τύχης,
1362 380 1382 420 ἦ
1404 379 1545 416 τούτους
1570 376 1746 422 παρέδωκε
1766 381 1809 420 τῇ
1822 375 1919 409 πόλει
1933 401 1942 418 ,
1965 380 2087 408 κάκιον

149 440 230 479 ὑμῖν
255 437 372 473 αὐτοῖς
397 438 611 480 βοηθήσητε,
639 440 871 483 Trigintaviros
897 450 973 472 casu
997 442 1030 472 in
1050 441 1301 472 Atheniensium
1326 451 1440 472 manus
1461 442 1607 480 venisse,
1633 440 1666 471 id
1690 440 1732 470 ab
1746 441 1810 471 alio
1835 441 1995 484 scriptore
2018 449 2089 470 me-

150 500 274 531 moriae
313 497 478 541 proditum
515 499 563 531 vix
603 499 758 531 credibile
793 499 971 540 ducerem,
994 501 1038 532 ab
1064 501 1126 533 hoc
1150 513 1224 533 vero
1247 501 1380 533 homine
1404 502 1641 545 ineptissimum
1668 506 1908 532 commentum.
1959 500 2002 530 Et
2023 497 2087 529 hoc

152 559 285 606 quidem
321 560 395 593 loco
431 560 493 592 suis
533 560 632 604 ipsius
670 561 741 593 telis
767 561 990 595 conficiendus
1015 568 1074 596 est.
1126 562 1235 597 Verba
1261 563 1373 595 enim:
1403 564 1461 603 τῆς
1485 562 1611 605 τύχης,
1637 562 1655 601 ἢ
1678 561 1818 597 τούτους
1844 557 2022 602 παρέδωκε
2047 563 2088 600 τῇ

151 618 248 651 πόλει
265 643 274 660 ,
294 625 326 651 et
348 619 381 650 οἱ
406 620 517 656 κακῶς
543 623 755 658 πεπονθότες
780 620 943 665 λαβόντες
967 624 997 666 §.
1023 625 1082 657 35.
1104 628 1135 655 et
1161 624 1192 666 §.
1218 624 1276 655 85.
1303 628 1360 654 aut
1378 623 1468 655 nullo
1493 632 1587 654 sensu
1609 620 1695 653 dicta
1719 626 1794 653 sunt
1816 626 1875 652 aut
1899 619 1989 652 hoc:
2015 619 2088 651 Tri·

153 680 329 724 gintaviros
364 680 488 714 exsules
525 680 567 714 ab
604 681 854 716 Atheniensibus
891 689 1002 727 captos
1029 690 1060 716 et
1085 685 1227 727 captivos
1250 683 1393 717 Athenas
1417 681 1578 716 abductos
1609 693 1686 714 esse.
1740 679 1838 722 Quod
1877 681 1902 713 si
1936 680 2085 719 factum,

152 740 225 786 quis
249 739 362 774 credat
384 741 476 786 Lysia
498 746 686 776 accusatore
711 753 792 787 opus
811 743 905 777 fuisse
930 749 966 778 ut
992 744 1025 777 in
1051 744 1101 778 ius
1123 749 1326 784 vocarentur,
1353 753 1473 788 eosque
1499 752 1564 775 non
1588 741 1671 775 alius
1694 741 1839 775 criminis
1862 751 1963 785 quam
1978 739 2088 774 caedis

151 800 355 835 Polemarchi
390 812 459 835 reos
498 807 586 836 actos
623 803 750 836 fuisse?
800 804 924 837 Pariter
950 804 1143 838 incredibile
1166 804 1398 850 Trigintaviros
1425 801 1550 836 exsules
1584 802 1747 846 gregatim
1786 800 1946 834 Graeciae
1967 800 2087 834 insulas

154 868 186 894 et
209 862 306 895 urbes
332 862 493 895 oberrasse
517 869 550 896 et
575 874 593 895 a
621 864 744 897 civibus
771 864 906 897 traditos
927 865 960 897 in
988 864 1236 898 Atheniensium
1264 870 1454 909 potestatem
1481 864 1603 895 venisse
1627 873 1750 895 omnes,
1802 862 1866 895 Sed
1888 864 1913 894 si
1941 863 2029 906 capti
2054 867 2087 894 et

150 925 181 956 in
222 925 352 958 vincula
379 925 519 957 coniecti
551 925 704 965 fuerunt,
742 926 886 958 accusati
914 925 1138 959 vadimonium
1166 925 1310 959 deserere
1333 936 1399 958 non
1425 929 1622 968 potuerunt,
1664 929 1695 957 et
1721 925 1755 957 in
1777 923 1902 957 iudicio
1925 934 2021 957 causa
2046 925 2085 956 iis

150 984 272 1018 oranda
305 985 379 1020 fuit.
431 984 495 1019 Sed
522 985 675 1019 audaciae
702 997 816 1020 eorum
840 986 957 1020 tribuit
982 987 1102 1020 Orator
1131 988 1161 1031 §.
1186 989 1244 1021 84.
1272 986 1362 1031 quod
1386 984 1612 1019 Eratosthenes
1637 983 1698 1027 οὐχ
1721 984 1846 1026 ἑτέρων
1872 985 1987 1017 ὄντων
2014 986 2084 1016 τῶν

152 1045 334 1085 δικαστῶν,
366 1043 441 1077 ἀλλ’
482 1045 597 1078 αὐτῶν
636 1047 705 1079 τῶν
734 1049 844 1084 κακῶς
872 1051 1111 1087 πεπονθότων,
1137 1049 1208 1087 ἣκει
1237 1045 1529 1087 ἀπολογησόμενος
1556 1046 1639 1086 πρὸς
1664 1045 1789 1082 αὐτούς
1815 1046 1891 1082 τούς
1910 1048 2086 1086 μάρτυρας

155 1109 212 1148 τῆς
252 1108 373 1140 ἑαυτοῦ
411 1107 577 1149 πονηρίας
600 1113 631 1141 et
653 1108 684 1151 §.
707 1108 766 1142 85.
793 1107 833 1141 de
859 1108 1009 1142 omnibus
1030 1109 1253 1152 Trigintaviris
1277 1107 1411 1140 scribit:
1437 1107 1509 1138 οὔτ’
1540 1108 1587 1138 ἂν
1617 1107 1679 1138 νῦν
1706 1105 1926 1148 ἐπεχείρησαν
1953 1103 2083 1144 ἐλθεῖν,

151 1170 193 1209 μὴ
230 1168 295 1199 ὑπὸ
331 1167 401 1199 τῶν
434 1166 548 1199 αὐτῶν
569 1168 717 1207 οἰόμενοι
743 1170 969 1208 σωθήσεσθαι.
1022 1168 1109 1210 Ubi,
1134 1169 1166 1201 ni
1189 1168 1295 1207 fallor,
1318 1178 1434 1211 parum
1461 1166 1587 1199 Graece
1610 1165 1737 1198 dictum
1769 1165 1991 1208 ἐπεχείρησαν
2025 1176 2085 1209 pro

153 1225 354 1270 ἐτόλμησαν.
405 1227 467 1260 Rei
490 1226 579 1260 haud
602 1226 726 1268 dubie,
753 1228 778 1261 si
797 1227 867 1262 fieri
893 1228 1062 1272 potuisset,
1101 1228 1181 1273 suga
1202 1227 1263 1261 sihi
1286 1227 1532 1261 consuluissent.
1583 1226 1698 1271 Neque
1721 1231 1834 1270 sponte
1860 1224 2005 1259 Athenas
2031 1236 2086 1259 eos

153 1288 281 1322 rediisse
306 1288 487 1321 verosimile
501 1312 510 1327 ,
537 1288 598 1321 nisi
624 1289 832 1323 conversione
856 1300 966 1322 rerum
990 1289 1077 1322 facta
1092 1313 1100 1328 ,
1124 1299 1209 1333 quae
1232 1287 1368 1321 Athenis
1391 1287 1477 1320 sacta
1503 1297 1569 1320 non
1592 1291 1650 1320 est.
1701 1286 1766 1319 Sed
1793 1286 1845 1319 fac
1868 1285 1950 1319 haec
1973 1287 2082 1319 omnia

154 1363 217 1385 non
241 1362 300 1394 pro
320 1361 354 1383 re
373 1349 514 1383 conficta
539 1359 627 1383 esse:
654 1349 740 1383 bona
761 1355 871 1383 tamen
895 1350 1187 1393 Trigintavirorum
1202 1373 1210 1388 ,
1239 1354 1320 1381 tunc
1350 1358 1454 1392 quum
1482 1346 1587 1380 reditu
1613 1348 1646 1379 in
1673 1346 1791 1379 urbem
1811 1345 2081 1389 prohiberentur,

152 1412 320 1456 publicata
358 1422 422 1444 esse
459 1415 586 1444 certum
609 1409 748 1444 videtur.
801 1409 866 1443 Sed
890 1410 1049 1454 scriptum
1075 1416 1121 1443 est
1144 1409 1241 1443 huius
1266 1409 1419 1442 orationis
1445 1409 1475 1451 §.
1499 1408 1557 1442 83.
1585 1408 1614 1439 εἷ
1639 1408 1681 1440 τὰ
1705 1409 1860 1450 χρήματα
1884 1408 1928 1439 τὰ
1951 1409 2084 1448 φανερά

156 1471 356 1515 δημεύσετε,
385 1468 496 1508 καλῶς
519 1470 565 1503 ἂν
592 1468 662 1513 ἔχοι
687 1472 728 1512 τῇ
754 1467 863 1504 πόλει.
900 1469 1059 1503 Hortatur
1083 1470 1184 1514 igitur
1207 1467 1333 1504 Rhetor
1358 1467 1482 1502 iudices
1506 1472 1542 1501 ut
1567 1477 1657 1501 nunc
1679 1465 1814 1501 demum
1841 1466 2002 1501 bonorum
2021 1478 2085 1511 pu-

154 1532 382 1568 blicandorum
418 1542 558 1577 poenam
596 1531 762 1576 irrogent,
799 1528 889 1575 quod
927 1528 1014 1564 haud
1054 1528 1151 1564 dubie
1180 1528 1304 1574 pridem
1329 1528 1454 1563 factum
1479 1532 1560 1562 erat.

202 1594 291 1626 Haec
312 1593 352 1625 de
375 1592 594 1637 Trigintaviris
616 1592 650 1624 in
674 1591 878 1631 universum3
895 1590 1059 1623 videamus
1073 1590 1113 1623 de
1127 1600 1193 1623 uno
1206 1588 1430 1622 Eratosthene.
1458 1590 1609 1624 inaudita
1623 1589 1787 1635 quaedam
1802 1589 1842 1623 de
1857 1600 1895 1623 eo
1907 1596 2083 1623 narrantur

155 1657 185 1699 §.
202 1656 268 1688 54:
291 1653 380 1687 urbis
400 1653 485 1687 cives
498 1651 743 1686 Eratosthenem
757 1657 789 1685 et
803 1651 981 1685 Phidonem
995 1651 1077 1684 urbe
1087 1660 1152 1684 non
1166 1651 1322 1694 expulisse
1336 1650 1509 1697 ipsumque
1524 1650 1705 1684 Phidonem
1717 1651 1811 1683 fuisse
1825 1651 1857 1683 in
1871 1651 2081 1690 Decemviris,

154 1716 211 1761 qui
231 1714 452 1759 Trigintaviris
471 1713 598 1755 suffecti
621 1717 707 1745 sunt.
743 1711 929 1745 Notandum
953 1711 1086 1756 quidem
1101 1721 1211 1746 omnes
1223 1711 1390 1754 scriptores
1402 1720 1530 1742 summo
1544 1710 1672 1742 tradere
1685 1721 1863 1751 consensu,
1887 1721 1999 1743 omnes
2012 1712 2084 1743 Tri-

155 1776 333 1822 gintaviros
354 1775 397 1807 ab
418 1775 455 1807 iis
481 1775 537 1819 qui
559 1774 674 1806 urbem
701 1772 856 1806 tenebant
883 1772 1028 1815 expulsos
1038 1772 1221 1804 Eleusinem
1236 1772 1427 1803 concessisse
1441 1777 1472 1803 et
1486 1782 1602 1814 parum
1619 1771 1797 1803 verosimile
1812 1782 1877 1803 esse
1890 1795 1899 1811 ,
1923 1782 2028 1805 unum
2043 1782 2081 1804 ex

154 1837 399 1882 Trigintaviri3‚
441 1835 576 1867 caeteris
601 1834 683 1867 urbe
710 1834 823 1878 pulsis,
851 1844 915 1865 non
942 1833 1081 1865 eiectum
1109 1843 1174 1865 esse
1201 1833 1390 1875 veniamque
1414 1833 1594 1871 meruisse,
1620 1833 1759 1864 alterum
1787 1833 1883 1865 etiam
1913 1833 2083 1865 Decemvi-

155 1909 228 1931 rum
254 1901 398 1930 creatum
423 1906 498 1928 esse.
549 1894 613 1928 Sed
635 1893 714 1927 haec
736 1894 812 1926 falsa
839 1903 904 1926 esse
932 1891 1152 1925 demonstrare
1177 1902 1321 1936 nequeo;
1346 1902 1421 1925 eum
1439 1903 1530 1932 vero,
1558 1893 1652 1925 cuius
1665 1892 1774 1925 inania
1788 1893 1909 1925 somnia
1924 1891 2080 1932 discutio,

152 1957 234 1993 haec
256 1956 297 1988 de
321 1955 530 1988 Eratosthene
553 1954 680 1992 finxisse
701 1954 847 1986 existimo
862 1978 870 1994 ,
886 1963 953 1998 quo
972 1953 1183 1996 opportunius
1196 1952 1230 1983 in
1249 1952 1451 1984 Decemviros
1465 1952 1674 1984 declamitare
1689 1958 1810 1996 posset3
1838 1953 1993 1985 memoria
2006 1963 2083 1985 vero

156 2020 281 2062 lapsum
318 2016 458 2049 Phidoni
483 2016 632 2047 tribuisse
654 2026 738 2058 quae
761 2015 894 2046 fuerunt
917 2012 1094 2051 Rhinonis,
1119 2013 1276 2055 principis
1302 2013 1579 2045 Decemvirorum.
1629 2012 1693 2045 Sed
1725 2024 1789 2044 non
1817 2014 1978 2056 reputavit
2001 2025 2080 2046 suae

152 2090 268 2112 causae
294 2078 402 2121 ipsum
430 2088 461 2109 se
485 2074 548 2108 hac
572 2076 695 2108 ratione
724 2086 854 2108 nocere.
904 2072 1011 2106 Ambo
1035 2072 1121 2105 enim
1137 2096 1146 2112 ,
1168 2077 1200 2104 et
1227 2070 1331 2104 Phido
1346 2076 1378 2108 et
1392 2071 1637 2113 Eratosthenes,
1664 2073 1828 2116 principes
1841 2073 1918 2105 sacti
1928 2072 2080 2106 factionis

156 2140 224 2170 τῶν
251 2136 287 2174 ἐξ
311 2139 455 2176 ἄστεος,
482 2135 622 2180 foederis
645 2136 718 2178 lege
742 2135 820 2169 salvi
846 2139 938 2166 erant
962 2132 1110 2176 adeoque
1135 2143 1153 2165 a
1178 2132 1268 2175 Lysia
1295 2131 1356 2164 hac
1377 2131 1511 2175 quidem
1535 2133 1682 2165 oratione
1707 2133 1810 2165 utenti
1836 2134 1984 2165 accusari
2014 2144 2080 2165 uon

156 2204 349 2243 potuerunt.
399 2197 535 2231 Archini
560 2197 646 2230 enim
671 2201 785 2239 rogatu
813 2196 862 2228 lex
885 2195 1008 2238 perlata
1037 2200 1124 2233 erat,
1153 2199 1206 2234 ut,
1234 2194 1257 2226 si
1281 2193 1353 2237 quis
1378 2192 1614 2227 discordiarum
1637 2193 1798 2226 oblivione
1809 2193 2004 2237 sempiterna
2018 2193 2080 2226 de-

149 2258 322 2294 lendarum
357 2258 548 2291 memoriam
583 2259 786 2296 renovasset,
822 2266 894 2288 reus
928 2254 1018 2299 prior
1052 2265 1181 2287 causam
1215 2258 1327 2298 ageret
1358 2264 1462 2298 eaque
1494 2254 1542 2287 uti
1578 2259 1681 2298 posset
1706 2253 1919 2299 exceptione,
1946 2251 1988 2286 de
2012 2264 2078 2298 qua

148 2322 248 2365 Iso'cr.
284 2321 318 2366 in
353 2318 477 2351 Gallim.
504 2328 535 2351 c.
557 2318 586 2351 Ι.
638 2318 684 2350 De
707 2327 773 2361 qua
797 2315 879 2348 nihil
902 2316 1083 2359 quicquam
1107 2316 1140 2347 in
1165 2313 1227 2347 hac
1253 2315 1397 2349 oratione
1423 2315 1556 2358 legitur.
1606 2315 1645 2347 In
1668 2314 1733 2347 fine
1768 2313 1919 2347 adiiciam
1943 2314 2077 2357 Lysiae,

148 2367 207 2427 qui
230 2381 360 2420 fertur,
381 2378 480 2416 ‘verba
504 2379 537 2411 in
559 2378 650 2411 Orat.
675 2378 710 2409 iu
733 2376 893 2409 Theomn.
920 2377 951 2419 §.
980 2377 1037 2409 31.
1065 2376 1166 2416 μόνος
1182 2399 1191 2414 ,
1218 2373 1333 2414 ἐπειδὴ
1358 2377 1499 2417 τάχιστα
1524 2371 1769 2415 ἐδοκιμάσθην,
1794 2372 1988 2417 ἐπεξῆλθον
2006 2376 2078 2410 τοῖς

148 2444 335 2483 τριάκοντα
366 2440 403 2471 ἐν
438 2438 569 2479 Ἀρείῳ
605 2440 715 2477 πάγῳ.
777 2438 865 2483 Haec
890 2437 914 2480 si
936 2437 1061 2479 scripsit
1086 2436 1212 2479 Lysias,
1239 2445 1344 2466 uuum
1369 2435 1462 2466 illum
1484 2435 1635 2477 ignotum
1659 2433 1827 2466 hominem
1847 2434 2079 2477 Triginuviroe

146 2504 180 2535 in
217 2501 342 2535 iudicio
380 2505 588 2545 persecutum
627 2508 717 2536 esse,
755 2496 821 2541 ipse
848 2507 903 2538 nos
929 2494 1025 2528 docet
1050 2506 1082 2528 se
1107 2495 1285 2528 orationem
1312 2494 1346 2527 in
1366 2505 1420 2528 eos
1442 2504 1508 2527 non
1536 2492 1695 2537 habuisse.
1746 2492 1810 2527 Sed
1834 2504 1900 2527 non
1921 2493 2078 2538 scripsit,

145 2565 313 2611 quaternis
339 2563 426 2598 enim
449 2563 527 2597 locis
547 2561 652 2595 citatis
674 2558 785 2595 subdit
805 2556 1041 2601 Harpocratio:
1069 2555 1099 2588 εἴ
1122 2556 1259 2596 γνήσιος
1284 2554 1303 2587 ό
1327 2551 1425 2594 λόγος
1444 2552 1508 2599 (1).

210 2655 253 2689 (1)
277 2654 393 2681 Nullum
417 2653 533 2680 dubium
561 2653 629 2687 quin
655 2652 738 2679 oratio
763 2651 798 2677 sit
825 2649 925 2684 spuria·
961 2647 1099 2683 Scriptum
1116 2652 1157 2673 est
1175 2647 1203 2681 §-
1222 2646 1249 2673 4.
1264 2652 1367 2681 patrem
1386 2646 1543 2673 accusatoris
1556 2654 1571 2676 e
1589 2645 1777 2679 Trigintaviris
1796 2653 1810 2672 e
1828 2644 1920 2672 medio
1937 2645 2074 2673 subt-tun

2142 2176 2170 2190 fir„
