2202 2745
985 66 1178 100 ...11-

167 174 199 219 §2
227 170 286 206 40.
322 169 403 212 ὑμῖν
426 167 596 211 ἐδήλωσαν
619 169 671 203 ὅτι
699 169 776 204 οὐδὲ
813 171 891 206 τόν
926 175 1124 217 Πειραιᾶ
1155 172 1440 218 Λακεδαιμονίων
1477 177 1759 220 προςταττόντων
1795 174 2055 221 περιεῖλον,

119 229 196 263 ἀλλ’
227 228 278 269 οἷς
314 230 429 270 αὐτοῖς
468 233 532 272 τὴν
557 230 665 276 ἀρχὴν
692 232 779 265 οὕτω
803 232 1028 278 βεβαιοτέραν
1055 234 1215 277 ἐνόμιζον
1240 231 1342 270 εἶναι.
1393 236 1520 271 Graece
1546 237 1685 272 dicitur:
1714 240 1774 271 τοῦ
1809 239 1983 282 Πειραιῶς
2010 240 2054 271 τὰ

118 291 213 335 τείχη
238 289 406 334 περιελεῖν
432 297 468 325 ut
487 290 521 332 §.
550 293 608 331 70.
638 291 689 338 (1)
751 294 790 326 In
811 293 876 327 fine
902 306 966 327 non
990 301 1076 328 recte
1102 296 1247 341 procedit
1268 298 1384 331 oratio.
1445 298 1571 334 Vitium
1600 298 1712 332 tollere
1735 300 1834 344 possis
1855 299 2051 333 scribendo:

117 349 194 383 ἀλλ’
216 351 269 383 ὅτι
292 351 421 389 αὐτοῖς.

164 416 198 458 ς.
227 413 284 445 44.
323 413 389 444 ὑπὸ
415 413 544 445 τούτων
572 412 721 446 πολιτῶν
735 416 844 447 ὄντων
859 415 1136 460 ἐπεβουλεύεσθε,
1150 417 1239 455 ὅπως
1258 418 1334 460 μήτ’
1349 418 1486 459 ἀγαθὸν
1499 418 1607 462 μηδὲν
1622 422 1848 463 ψηφίσαισθε,
1863 435 1888 454 π
1899 433 1916 453 ο
1928 420 1949 453 λ
1959 420 1979 453 λ
1991 423 2018 453 ὦ
2030 435 2048 453 ν

117 483 161 503 τε
187 470 367 510 ἐνδεεῖς
394 473 566 508 ἔσεσθε.
618 476 705 508 Haec
727 476 842 508 ultima
868 477 949 521 quid
973 478 1121 517 valeant,
1147 479 1266 510 nescio.

165 537 200 578 ς.
227 533 284 565 48.
323 533 372 569 εἷς
403 535 467 574 τὴν
505 535 614 578 ἀρχὴν
637 537 807 572 καταστὰς
833 535 968 575 ἀγαθοῦ
991 538 1053 577 μὲν
1077 535 1214 574 οὐδενός
1234 536 1406 581 μετέσχεν,
1433 536 1575 570 ἄλλων
1603 538 1638 570 δὲ
1674 538 1825 573 πολλῶν.
1877 542 2047 586 Scriptum

118 593 286 636 oportuit:
324 591 461 636 ἑτέρων.
512 595 615 639 Finge
647 596 801 640 scriptum
823 596 918 628 fuisse
937 596 1068 636 κακῶν,·
1091 597 1194 641 magis
1217 598 1315 629 etiam
1342 598 1552 642 perspicuum
1577 600 1639 631 erit
1662 611 1727 633 non
1751 599 1815 633 hoc
1839 600 1904 633 dici
1920 625 1930 641 ,
1953 601 2045 646 quod

115 652 294 686 dicendum
318 659 410 687 erat:
462 654 706 688 Eratosthenem
726 654 807 688 nihil
830 666 907 688 cum
932 656 1065 701 collegis
1091 657 1245 701 gessisse,
1270 657 1359 702 quod
1385 669 1403 689 e
1429 657 1597 703 republica
1624 665 1729 700 esset,
1752 659 1808 692 sed
1831 660 1923 694 aliud
1937 661 2040 705 idque

114 713 157 746 ab
182 712 247 747 hoc
272 714 344 747 loco
368 714 535 749 alienum:
587 715 834 749 Eratosthenem
860 716 988 749 nullum
1012 716 1222 751 commodum
1246 729 1282 750 ex
1306 719 1496 762 magistratu
1524 725 1615 763 gesto
1641 721 1835 764 percepisse.

161 776 194 820 ς.
224 776 282 809 53.
318 771 446 812 πολλὰς
481 771 631 819 ἑκάτεροι
665 773 807 813 ἐλπίδας
841 773 973 820 εἴχομεν
1004 777 1086 820 πρὸς
1123 774 1290 819 ἀλλήλους
1317 777 1455 810 ἔσεσθαι
1478 778 1524 816 ὥς
1549 777 1733 823 ἀμφότεροι
1760 778 1898 819 ἔδοξαν.
1922 782 1957 813 οἱ
1979 781 2044 823 μὲν

115 838 180 878 γὰρ
206 836 241 868 ἐκ
265 837 436 877 Πειραιῶς
459 837 629 879 κρείττους
655 837 751 875 ὄντες
775 836 893 869 εἴασαν
931 836 1083 875 αὐτούς
1112 836 1293 870 ἀπελθεῖν·
1316 838 1349 869 οἱ
1371 836 1407 870 δὲ
1432 839 1480 876 εἰς
1507 839 1545 870 τό
1570 840 1658 871 ἄστυ
1685 838 1846 879 ἐλθόντες
1873 843 1952 879 τούς
1979 844 2042 883 μὲν

114 898 302 938 τριάκοντα
325 894 502 940 ἐξέβαλον.
526 896 623 928 αὐτοὶ
651 903 726 930 sunt
749 898 782 929 οἱ
808 896 843 935 ἐξ
863 898 981 935 ἄστεος
996 922 1006 938 ,
1034 909 1175 943 quorum
1199 899 1321 931 mentio
1343 899 1433 931 nulla
1456 900 1521 931 iam
1547 899 1645 934 facta.

161 960 194 1002 §.
223 958 281 990 55.
321 954 457 989 Φείδων
481 957 501 988 o‘
522 958 591 989 τῶν
618 959 803 1000 τριάκοντα
825 959 1005 999 γενόμενος
1032 957 1089 988 καὶ
1115 955 1305 999 Ἱπποκλῆς
1327 959 1385 989 καὶ
1414 957 1602 1002 Ἐπιχάρης
1617 959 1850 1003 όΛαμπτρειῖς
1865 961 2040 1003 -έπειδὴ

113 1015 282 1053 αὐτούς
315 1017 362 1054 εἷς
395 1019 458 1058 τὴν
481 1017 587 1061 ἀρχὴν
615 1016 836 1060 κατέστησαν,
861 1015 947 1049 πολὺ
971 1016 1073 1058 μείζω
1099 1019 1217 1049 στάσιν
1243 1018 1299 1049 καὶ
1324 1016 1472 1059 πόλεμον
1498 1016 1554 1050 ἐπὶ
1581 1022 1660 1056 τούς
1688 1020 1725 1052 ἐν
1749 1022 1946 1062 Πειραιεῒῆ
1968 1026 2040 1059 τοῖς

114 1075 150 1114 ἐξ
172 1076 292 1115 ἄστεος
314 1077 493 1120 ἐποίησαν.
530 1077 570 1110 In
592 1078 656 1111 alio
678 1078 834 1123 scriptore
859 1075 982 1114 αὐτούς
1004 1075 1180 1109 delendum
1206 1082 1367 1121 putarem.
1406 1077 1554 1111 Alterum
1574 1090 1718 1112 errorem
1738 1091 1779 1113 ne
1807 1079 1884 1113 huic
1905 1080 2041 1126 quidem

111 1138 261 1181 scriptori
281 1137 466 1182 relinquere
492 1138 605 1171 ausim.
658 1136 762 1170 Phido
782 1138 967 1182 caeterique
992 1138 1128 1170 suerunt
1151 1137 1249 1169 duces
1274 1149 1388 1169 eorum
1410 1138 1469 1182 qui
1492 1137 1608 1171 urbem
1636 1139 1804 1173 tenebant.
1856 1142 1964 1185 Igitur
2003 1145 2037 1175 in

106 1198 285 1233 factionem
329 1198 432 1242 ipsam
478 1198 531 1231 cui
567 1204 736 1242 praeerant
774 1197 897 1231 bellum
935 1197 1166 1231 excitaverunt.
1216 1197 1337 1231 Collata
1376 1202 1410 1245 ς.
1450 1199 1507 1232 57.
1548 1196 1712 1242 λαβόντες
1748 1200 1813 1242 γὰρ
1837 1201 1898 1238 τὰς
1925 1200 2031 1245 ἀρχάς

111 1258 170 1290 καὶ
196 1260 258 1300 τὴν
281 1255 384 1291 πόλιν
411 1255 616 1300 ἀμφοτέροις
641 1255 828 1299 ἐπολέμουν
851 1259 920 1294 τοῖς
947 1269 981 1290 τε
1009 1259 1196 1300 τριάκοντα
1221 1259 1340 1289 πάντα
1364 1258 1453 1289 κακὰ
1478 1256 1711 1300 εἰργασμένοις
1735 1261 1791 1290 καὶ
1812 1259 1893 1302 ὑμῖν
1919 1264 2037 1294 πάντα

110 1321 200 1352 κακὰ
237 1320 451 1359 πεπονθόσι,
489 1317 600 1351 rhetor
637 1317 740 1351 videri
771 1318 871 1362 possit
903 1318 1103 1351 urbanorum
1129 1318 1308 1351 factionem
1333 1328 1440 1350 errore
1461 1317 1659 1352 substituisse
1681 1319 1919 1363 Trigintaviris.
1969 1322 2036 1355 Sed

108 1378 303 1425 corrigenda
325 1379 434 1424 potius
458 1377 575 1419 verba,
597 1383 630 1410 et
652 1376 883 1411 scribendum:
909 1375 997 1411 πολι)
1021 1376 1122 1420 μείζω
1147 1379 1209 1418 τὴν
1232 1379 1348 1410 στάσιν
1377 1377 1433 1408 καὶ
1462 1378 1522 1410 τὸν
1548 1376 1697 1420 πόλεμον
1724 1378 1779 1411 ἐπὶ
1808 1380 1885 1418 τούς
1900 1381 1938 1413 ἐν
1950 1383 2035 1414 Πρι-

107 1443 198 1483 ραιεῒ
222 1442 292 1476 τοῖς
316 1437 354 1476 ἐξ
377 1440 497 1475 ἄστεος
521 1436 700 1481 ἐποίησαν.

155 1505 189 1547 §0
216 1501 275 1533 57.
314 1497 352 1530 οὐ
391 1500 456 1540 γὰρ
495 1496 534 1538 δὴ
572 1496 695 1540 ἑτέρων
721 1497 828 1540 ἔργων
855 1498 970 1531 αἰτίαν
998 1497 1163 1542 λαβόντες
1187 1499 1223 1530 ἐκ
1261 1501 1318 1538 τῆς
1356 1496 1482 1535 πόλεως
1522 1497 1693 1539 ἐξέπεσον,
1729 1497 1819 1531 ἀλλὰ
1853 1502 2032 1535 τούτων.

105 1563 129 1592 i.
157 1573 186 1594 e.
211 1559 391 1592 eorundem
415 1571 501 1604 quae
524 1559 707 1592 Decemviri
733 1559 895 1592 fecerunt.
945 1558 1042 1601 Quod
1066 1559 1241 1591 lectoribus
1263 1558 1477 1591 divinandum
1502 1559 1711 1603 relinquitur.

151 1624 185 1667 §.
213 1620 272 1654 58.
309 1617 424 1652 ἐλθὼν
461 1620 507 1656 εἷς
542 1616 787 1660 Λακεδαίμονα
822 1618 961 1651 ἔπειθεν
989 1617 1110 1656 αὐτούς
1136 1620 1429 1660 στρατεύσασθαι,
1455 1616 1708 1661 διαβάλλων
1729 1619 1782 1650 ὅτι
1810 1620 1983 1653 Βοιωτῶν
2010 1625 2030 1662 η’

103 1678 202 1718 πόλις
229 1679 336 1712 ἔσται.
363 1678 401 1712 οὐ
425 1677 614 1721 δυνάμενος
641 1676 677 1711 δὲ
701 1679 865 1712 τοιΙτων
889 1681 1016 1722 τυχεῖν,
1040 1678 1105 1710 εἴτε
1133 1679 1190 1710 καὶ
1216 1680 1284 1710 τῶν
1310 1678 1406 1721 ἱερῶν
1436 1675 1592 1719 ἐμποδὼν
1617 1679 1728 1711 ὄντων
1753 1680 1827 1716 κτὲ.
1860 1680 1918 1716 Vis
1939 1681 2030 1714 verbi

107 1738 309 1784 διαβάλλειν
332 1740 430 1784 longe
452 1740 513 1772 alia
537 1745 603 1779 est,
627 1750 728 1785 quam
754 1750 838 1784 quae
863 1738 925 1771 hoc
949 1740 1021 1772 loco
1046 1739 1202 1773 idoneum
1226 1738 1378 1783 praebeat
1401 1750 1542 1772 sensum.
1579 1739 1642 1771 Pro
1665 1740 1795 1772 τούτων
1818 1740 2030 1774 scribendum

102 1802 236 1836 τούτου.

148 1859 182 1902 §.
210 1861 268 1895 60.
305 1861 556 1902 μισθωσάμενοι
584 1857 620 1891 δὲ
647 1863 817 1896 πάντας
843 1858 1062 1900 ἀνθρώπους.
1114 1859 1183 1891 Hoc
1210 1858 1396 1892 ridiculum.

149 1926 182 1968 §.
210 1922 269 1953 62.
304 1918 451 1962 μηδενὶ
493 1922 590 1952 τοῦτο
624 1922 821 1961 παραστῇ
853 1920 899 1955 ὦς
921 1916 1193 1960 Ἐρατοσθένους
1216 1917 1559 1954 κινδυνεύοντος
1587 1918 1809 1959 Θηραμένους
1834 1925 2027 1961 κατηγορῶ.

98 1983 188 2015 Mens
209 1981 343 2014 rhetoris
367 1986 434 2013 est:
462 1981 600 2013 nemini
623 1985 781 2013 veetrum
805 1979 866 2011 Ιιοο
891 1981 1029 2012 mirum
1051 1978 1230 2012 videatur.
1279 1978 1344 2011 Sed
1369 1979 1516 2022 scripsit:
1543 1979 1681 2011 nemini
1703 1985 1864 2012 vestrum
1885 1980 1949 2013 hoc
1984 1983 2027 2014 in

102 2048 253 2084 mentem
272 2042 405 2076 veniat.
429 2040 477 2075 Cf.
501 2040 607 2076 Thuc.
632 2041 693 2077 lv.
722 2041 779 2075 95.
806 2035 960 2084 παραστῇ
985 2037 1020 2072 δὲ
1054 2036 1173 2082 μηδενὶ
1199 2038 1292 2081 ὑμῶν
1315 2038 1360 2076 ὥς
1385 2038 1422 2071 ἐν
1450 2041 1490 2081 τῇ
1513 2035 1680 2081 ἀλλοτρίᾳ
1703 2037 1742 2071 οὐ
1767 2043 1938 2082 προσῆκον
1964 2053 2025 2074 το-

96 2101 194 2136 σόνδε
219 2100 385 2136 κίνδυνον
410 2101 675 2145 ἀναρρίπτομεν.
725 2100 778 2135 Ab
798 2106 906 2134 actore
931 2111 1023 2133 reum
1050 2098 1115 2133 dici
1138 2110 1229 2144 posse
1251 2096 1498 2132 κινδυνεύοντα
1518 2108 1584 2131 non
1604 2097 1714 2132 credo.

144 2169 178 2213 ς.
205 2164 265 2197 63.
300 2160 417 2207 σφόδρ’
439 2163 486 2196 ἂν
509 2157 603 2205 οἶμαι
628 2160 733 2196 αὐτὸν
760 2161 844 2203 μετὰ
868 2157 1130 2202 Θεμιστοκλέους
1153 2157 1417 2200 πολιτευόμενον
1439 2161 1701 2202 προσποιεῖσθαι
1734 2161 1899 2203 πράττειν
1925 2162 2020 2201 ὁπως

96 2222 401 2267 οῖκοδομηθήσεται
435 2224 478 2256 τὰ
514 2223 629 2267 τείχη,
662 2223 763 2255 ὁπότε
796 2223 853 2253 καὶ
890 2221 974 2263 μετὰ
1012 2218 1229 2263 Θηραμένους
1264 2219 1354 2256 ὅπως
1390 2220 1696 2261 καθαιρεθήσεται·
1731 2218 1771 2252 οὐ
1792 2223 1857 2264 γάρ
1879 2233 1937 2263 μοι
1957 2221 2020 2254 δο-

96 2286 213 2319 κοῦσιν
237 2284 314 2317 ἰ’σου
332 2283 425 2322 ἄξιοι
449 2286 669 2325 γεγενῆσθαι·
688 2284 707 2315 o‘
728 2283 790 2325 μὲν
816 2283 879 2325 γὰρ
903 2278 1185 2322 Λακεδαιμονίων
1209 2279 1362 2312 ἀκόντων
1385 2276 1599 2322 ᾠκοδόμησεν
1621 2278 1733 2321 αὐτὰ,
1759 2273 1857 2320 οὗτος
1878 2280 1915 2315 δὲ
1939 2285 2019 2322 τούς

158 2447 201 2482 (1)
239 2447 424 2473 Librariorum
451 2446 585 2473 mendum
606 2447 754 2473 tollendum
784 2448 811 2472 in
841 2446 911 2472 Xen.
935 2445 1007 2471 nell.
1032 2445 1067 2471 11.
1090 2444 1117 2470 2.
1135 2444 1179 2470 20.
1196 2445 1337 2470 ἐποιοῦντο
1353 2445 1464 2481 εἰρήνην
1481 2460 1516 2466 -
1530 2445 1573 2476 ἐφ’
1593 2437 1614 2480 ᾇ
1634 2447 1671 2471 τά
1690 2455 1722 2472 τε
1741 2447 1834 2482 μακρὰ
1851 2447 1935 2481 τείχη
1955 2448 2014 2473 καὶ

94 2495 156 2520 τὸν
182 2494 337 2531 Πειραιᾶ
365 2493 594 2523 καθελόντας
620 2494 667 2519 καὶ
695 2495 745 2523 τὰς
770 2495 837 2523 ναῦς
852 2493 925 2528 πλὴν
939 2491 1053 2518 δώδεκα
1068 2490 1248 2527 παραδόντας
1264 2505 1298 2511 -
1316 2492 1548 2525 Λακεδαιμονίοις
1566 2489 1707 2523 ἕπεσθαι,·
1723 2493 1761 2520 cf,
1779 2492 1828 2520 IV,
1845 2492 1872 2519 8.
1890 2493 2014 2520 ama..

91 2542 220 2576 ναστήσει
237 2541 274 2568 τά
289 2550 321 2568 τε
339 2542 431 2577 μακρὰ
450 2542 531 2576 τείχη
549 2545 606 2571 τοῖς
623 2541 790 2576 Ἀθηναίοις
809 2542 856 2568 καὶ
873 2543 906 2569 τὸ
924 2541 988 2577 περὶ
1007 2541 1055 2568 τὸν
1074 2540 1195 2576 Πειραιᾶ
1214 2544 1314 2574 τεῖχος.
